2102 3189
670 77 984 79 ENARRATIONES. EPISTOLAE¬

412 100 85 56 470

409 124 772 96 trario Bene precamini inquit perſequentibus

409 204 772 61 uos, bene precamini, & ne male precamini.

412.0 246.0 771.0 60.0 Gum enim qui nos inſectantur, iniurij & ma

414.0 294.0 769.0 56.0 lefici ſint oportet, ſiquidem nos Chriſtiani ſu

412.0 336.0 770.0 67.0 mus, procliue nimiũ eſt, ut ultionem eis ore¬

414.0 384.0 766.0 64.0 mus porius ̃ ſalutem. At noſtrum eſt, cum

412.0 430.0 770.0 60.0 Chriſto Domino quærere & ſaluum facere

412.0 473.0 768.0 60.0 quod perijt, & noſtram cauſſam ipſi domino

414.0 527.0 768.0 55.0 noſtro committere, cui pater omne iudicium

411.0 566.0 769.0 59.0 dedit. Porrò in hoc præcepto argumentũ con

412.0 614.0 770.0 55.0 rinetur à minori. Nam quod Apoſtolus hic

411.0 655.0 771.0 67.0 præcipit de perſecutoribus, intelligendum eſt

409.0 699.0 767.0 62.0 de omnibus hominibus. Colligendum ergo

411.0 745.0 765.0 61.0 eſt, Si hoſtibus bene precari, & nequaq; ma¬

407.0 793.0 775.0 59.0 le precari oportet, quod uulgo homines non

411.0 845.0 764.0 58.0 putant, quãto magis hoc debemus alijs, nul¬

409.0 884.0 755.0 60.0 lis igit̃ male, ſed bene precandũ eſt omnibus.

453.0 928.0 725.0 58.0 Flete cum flentibus. T Adſcendit ad perfe¬

405.0 976.0 773.0 53.0 ctionem humanitatis. Ne enim ſatis eſt ne¬

407.0 1016.0 773.0 62.0 mini male, & cunctis bene precari, ea oportet

409.0 1068.0 771.0 57.0 præterea eſſe in cunctos humanitate, ut mala

407.0 1117.0 771.0 55.0 & bona omnia cum omnibus cõmunia du¬

409.0 1165.0 767.0 48.0 cas, & eodem modo quo illi, quorum ea pro

409.0 1202.0 767.0 64.0 pria ſunt, utriſ afficiare. Flentibus quidem

407.0 1252.0 769.0 53.0 aliquis facile miſereatur & condolear, gauden

407.0 1302.0 771.0 48.0 tibus gratuletur & arrideat, at prorſus pari

407.0 1341.0 764.0 53.0 affici modo, ut fleas cum flentibus, & gaude¬

407.0 1388.0 766.0 52.0 as cum gaudentibus, id non fuerit niſi huma¬

405.0 1433.0 766.0 51.0 nitatis & charitatis abſolutæ. Hancuero de¬

405.0 1475.0 766.0 62.0 bemus proximis, ergo omnibus, at ideo

405.0 1523.0 589.0 52.0 etiam hoſtibus & perſecutoribus.

460 1573 710 58 Eodem animo ſitis alius. ] γ ἀυπ εις ἀλ

409 1597 761 74 λίλος φρονουτες. Idem ſentientes alius er¬

407.0 1660.0 766.0 54.0 ga alium. Idem dari nobis à Domino orat in

404.0 1707.0 765.0 52.0 fra.i5. Deus largitor ſuſtinentię & exhortati¬

405.0 1746.0 764.0 55.0 onis det uobis πͅ ἀυπͅ φρονᾶν φὶ ἀλήλος

402.0 1787.0 769.0 66.0 κατὰ χρις ὸν. Hic manifeſtum eſt Apoſtolũ

400.0 1840.0 771.0 59.0 orare, dari nobis, ut idẽ quiſ de alio, quod

402.0 1883.0 762.0 65.0 de ſe ipſo ſentiat, eodem ſit in alium animo,

400.0 1924.0 760.0 69.0 quo eſtin ſe ipſum, ſed fecundum Chriſtum,

402.0 1971.0 758.0 68.0 ex ſpiritu nimirum Chriſti, ad gloriam Dei,

402.0 2021.0 767.0 57.0 & noſtrã ipſorum inuicem ſalutem. Eodem

400.0 2067.0 767.0 57.0 lignificatu hacformula uſus eſt &. 2.Cor.13.

400.0 2106.0 762.0 69.0 ο ἀυτͅ φρονο͂τε, ἐιρηνευετε. Idem ſentire,

398.0 2156.0 769.0 56.0 eiuſdem animi ſitis, pacem agite. Sic eſt & il¬

398.0 2198.0 768.0 60.0 lud Philip.2. Implete gaudium meum, ut à

400.0 2248.0 769.0 58.0 ἀυπὸ φρονο͂τε, id eſt, idem ſentiatis, eandem

398.0 2287.0 766.0 64.0 dilectionem habentes. Hoc eſt, eodem feran¬

397.0 2335.0 767.0 63.0 tur ſenſus & animi ueſtri, ſit alius in alium ea¬

401 2378 764 66 dem charitate, id eſt, alium quiſut ſeipſum

397.0 2428.0 765.0 61.0 diligat. Ad idem hortatur Euodiam & Syn¬

395.0 2471.0 519.0 58.0 cychen. in eadem Epiſtola.4.

430.0 2513.0 734.0 68.0 Ne adſpirate ad ſublimia. I Ne maiorẽ di¬

401 2561 756 67 gnitatem, aut ulla in re præcellentiã, uel omni

393.0 2614.0 767.0 52.0 no aliud uitæ munus, aliam ſortem & condi¬

393.0 2655.0 767.0 59.0 tionem affectate,  in quibus uos Dominus

391.0 2703.0 768.0 53.0 conſtituit. Diuerſo ſenſu ſcribit Coloſs. Apo¬

389.0 2747.0 771.0 55.0 ſtolus, τὰ ἀνω φρονεῖτε, μὰ τὰ dὶ ra͂ς

388.0 2787.0 766.0 67.0 yãs. Superna uobis curæ ſint, ea quærite &

385 2835 769 109 Affectare:. Nam uerbum osoruireproes po

1215 122 767 95 ſuit, quo paulo anteuerbũ, cτειrς, quα¬

1215 196 769 72 rite, geminatione enim hic uſus eſt. Si inquic

1208.0 240.0 777.0 62.0 conſurrexiſtis cũ Chriſto, τα ἀνω Cuτa͂τe,

1210.0 294.0 775.0 56.0 id eſt, ſuperna quærite, ubi eſt Chriſtus in de¬

1210.0 336.0 783.0 60.0 xtera Dei ſedens, τὰ ἀνω φρονδτε, ſuperna

1212.0 389.0 292.0 59.0 curate, affectate.

1253.0 435.0 729.0 56.0 Sed accommodate uos humilibus. I Iſtuc

1213.0 470.0 769.0 64.0 Chryſoſtomus de hominibus intelligit, nam

1210.0 515.0 772.0 69.0 inſeruire humilibus facile piget, cum nuili alij

1214.0 570.0 772.0 58.0 ope noſtra magis indigeant. At quia Apoſto

1212.0 611.0 776.0 58.0 lus opponit hocilli, Ne ſpirate ſublimia, quo

1212.0 655.0 776.0 57.0 reuocat ab affectanda conditione uel miniſte¬

1212.0 698.0 773.0 62.0 rio celſiore, hinc poſſit uideri & iſtuc, accom¬

1214.0 744.0 772.0 69.0 modate uos humilibus, dictum eſſe de rebus

1212.0 790.0 774.0 67.0 & officijs uilioribus. Sed unde carni humil¬

1212.0 834.0 774.0 64.0 miniſterium, & uile munus uidetur ? niſt ab

1214.0 884.0 771.0 58.0 humilitate & uilitate eorũ, quibus miniſtran¬

1208.0 928.0 778.0 58.0 dum eſt. Vtrum́ ergo & res & homines his

1208.0 976.0 778.0 63.0 miles & contemptos recte intelligemus hicin

1210.0 1027.0 776.0 50.0 uoce ταποινοῖς. Siquidẽ humilibus & mun

1208.0 1063.0 778.0 63.0 do neglectis fratribus nos accõmodamus, ur

1210.0 1114.0 769.0 58.0 eorum caſus & neceſſitatẽ noſtrã faciamus,

1212.0 1162.0 774.0 56.0 quo nos plane charitas uera deducit, iam etiã

1208.0 1208.0 777.0 56.0 in ipſam illorum nos demittimus humilita¬

1208.0 1257.0 773.0 54.0 tem, & ſubimus conditionem eorum uilem,

1206.0 1291.0 777.0 60.0 carniép faſtiditam. Sicéf ſimul & hominibus

1206.0 1344.0 777.0 57.0 & rebus nos σμυα παγομλν, id eſt, addici¬

1208.0 1385.0 775.0 60.0 mus & accõmodamus. Inuenias quidẽ mul¬

1206.0 1435.0 775.0 58.0 tos, qui adduci ſe patiantur, ut etiam infimo¬

1208.0 1475.0 773.0 64.0 & omniũ contempriſſimos homines iuuent

1208.0 1518.0 775.0 62.0 aliquo modo, ſed dignatione & munere, qù

1201.0 1566.0 780.0 63.0 eximios & celſos homines decere uideatur, ut

1206.0 1615.0 773.0 57.0 ſi rex doner largius mendico, at qui ſuſtintat

1206.0 1670.0 770.0 44.0 ſubire cõditionem & humilitatem uitæ eom,

1206.0 1709.0 773.0 57.0 qui miſeri ſunt, nullop inter homines nume¬

1206.0 1759.0 773.0 48.0 ro habentur, & ſeſe illis exhibere tan unum

1206.0 1794.0 771.0 66.0 exipſis, cunctam́ eorum miſeriam propri¬

1208.0 1847.0 769.0 55.0 am facere, hucuſ qui demittant, & humili¬

1206.0 1888.0 771.0 57.0 bus accommodent ſeſe, nulli ſunt, niſi qui ue¬

1205.0 1936.0 480.0 55.0 re & eximie Chriſtiani ſunt.

1242.0 1987.0 729.0 56.0 Ne inſoleſcatis apud uos męt ipſos. I Sic

1200.0 2017.0 771.0 66.0 ſupra.11. Sect.4.dixit, ἰνα μὴ ἀτε πας ἐαυ¬

1205.0 2067.0 766.0 61.0 το͂ις φρόνιμοι, id eſt, non ſitis apud uosmet

1202.0 2112.0 769.0 75.0 ipſos ſapientes, hic μη γίνεθε φρόνιμονπαέ

1200.0 2155.0 771.0 74.0 ἐαυτο͂ις, ne eſte apud uos met ipſos ſapieri¬

1194.0 2208.0 777.0 61.0 tes. Porrò ſatis liquet Apoſtolũ utrin tumo

1198.0 2253.0 781.0 71.0 rem animi & conſidentiã eam uoluiſſe deñce

1196.0 2299.0 785.0 59.0 re, ex qua naſcit contemptus alioꝵ, maxime

1198.0 2342.0 783.0 69.0 uero humilium. Supra em arcere uoluir con¬

1191.0 2386.0 785.0 71.0 temptũ ludæon, hic quorumlibet hominũ,

1196.0 2441.0 785.0 51.0 quia humilium res uiliores habent. At unde

1196.0 2475.0 785.0 72.0 animis ſubit hic tumor, hæccõfidentia *Sant

1192.0 2526.0 793.0 60.0 cum homines ſibi ipſi plus æquo tribuunt, &

1192.0 2574.0 793.0 67.0 ſublimius  par ſit de ſe ipſi iudicãt. Hinc De

1192.0 2620.0 794.0 56.0 Ambroſius adductũ hicab Apoſtolo exiſti¬

1192.0 2666.0 793.0 58.0 mat locum Eſaiæ.5. Vę uobis qui eſtis ſapien

1191.0 2712.0 797.0 62.0 tes in oculis ueſtris, & intelligentes coram uo

1191.0 2788.0 799.0 27.0 Cis incciplis. E. Eyionoinus cundem de

1186.0 2798.0 806.0 64.0 cum, ut cõgruentem præſenti dicto Apoſtole

1189 2843 798 93 citat, interpretaĩ tamen iſtuc Apoſtoli, pelici¬

226.0 923.0 146.0 60.0 Flete cum

226.0 970.0 139.0 62.0 Hentibus.

234 1538 167 85 Eodẽ animo

212 1599 176 69 ſitis, isden ſen¬

219.0 1651.0 115.0 65.0 tentes.

210 2351 178 93 Eandem dile¬

210.0 2423.0 162.0 53.0 ctionem ha¬

209.0 2455.0 117.0 60.0 bentes.

209.0 2512.0 200.0 76.0 Nolite adſpi¬

215 2567 154 53 rare adſub¬

209.0 2600.0 92.0 66.0 limia.

2003 364 75 135 Humilibus

2006 473 72 63 uos accẽn

2006 515 74 82 dantes.

1990 1955 80 96 φρόνιμι

1990 2022 74 69 παῤ ἐσ

1990 2070 82 69 τοῖς.

1990 2118 80 58 ente apud

1984 2152 75 98 multiples.

1779.0 2907.0 207.0 85.0 φρόνιμοι
