2091 3186
394 69 99 111 454

548.0 145.0 1263.0 109.0 ENARAIILEEEen.

493.0 426.0 1479.0 71.0 A ctenus expoſuit Apoſtolus & cõmuniuit doctrinã de fine & extremo

394.0 474.0 1571.0 88.0 TIbonorũ, quo referuntur in uita omnia, hoc eſt, de eo, quo certi red dimur,

394 548 1576 67 Deum nobis eſſe propiciũ, in quo nimirũ inſunt omnes rationes bene beate

391.0 587.0 1579.0 76.0 uiuẽdi, ut abinitio diximus. Sentimus etenim ſatis, quicquid multorũ impie

391.0 646.0 1581.0 74.0 tas contraiactes, aimna noitra nana le plorius chauari alia, aut quietũ reddi

393.0 695.0 1574.0 82.0 poſſe, q̃ certitudine de beneuolentia Dei, cuius ſcilicet nutu cuncta nouimus,

394.0 746.0 1571.0 77.0 uelimus nolimus, geri & diſpenſari. Hine illud Dominus ipſe toties teſtatur,

391.0 805.0 1576.0 81.0 uita æterna frui, quicun ipſi, qui nos ſcilicet in gratiam patris reſtituit, ſoli¬

394.0 853.0 1573.0 76.0 de credit. Vtita huc uſ Apoſtolus docuit & clariſſime euicit, ſola nos fi¬

394.0 908.0 1576.0 81.0 de iuſtoípa ſſenſu Euãgelij Dñi noſtri Ieſu Chriſti certos red di miſericor diæ

393.0 962.0 1574.0 80.0 patris cœleſtis, qua nobis per Chriſtũ dñm & peccata cõdonat, & ſpiritũ uitę

394.0 1015.0 1576.0 73.0 rectæ & beatæ impertit, quod eſt in rebus expetendis ſupremũ & ul timũ, ita

393.0 1070.0 1577.0 71.0 nuncordine, quem, ſequẽtes naturã ducem obſeruarunt, quicun de inſtitu¬

393.0 1122.0 1579.0 79.0 enda hac uita prudenterpræceperũt, ſubijcit deofficijs, de ſtudio uirtutis, quo

391.0 1177.0 1579.0 83.0 id in oibus actionibus uitæ præſtamus, quod nos decet, quod exornat, quod

393.0 1237.0 1574.0 69.0 uerum καδᾶκον eſt. Sicut uero Apoſtolus in priore parte nõ eſt moratus, quę

394.0 1288.0 1574.0 66.0 de finibus bonorũ & malorũ Philoſophi uarie & diſſentaneè cõmenti ſunt,

394.0 1338.0 1571.0 70.0 ſed ſpectauit id quod de his cũctis mortalibus inditũ infixum diuinitus eſt,

394.0 1391.0 1574.0 76.0 ut ſcilicet primũ omniũ expetant habere propitiũ Deum, & ut extremũ ma¬

396.0 1446.0 1572.0 74.0 lorũ horreant, habere iratum Deum, ita etiã pręcipiendo de officijs, longe di

396.0 1500.0 1571.0 77.0 uerſam uiã ingreſſus eſt, q̃ Philoſophi. Primũ uero omniũ adducit iungittr

398.0 1554.0 1570.0 72.0 nos ei, qui ſolus innobis ἐνεργο͂ & uelle & efficere q̃d nos decet, quod rectũ

396.0 1607.0 1571.0 67.0 eſt, dũ hortatur, ut nos ipſos dño ceu hoſtiã conſecremus. Mox expedit uſum

400.0 1669.0 1570.0 62.0 huius facultatis, dum docet eum nos in corpore Chriſti locũ religioſe obtine

400.0 1716.0 1570.0 62.0 re, inquẽ Dñs ipſe nos conſtituit, & ea uitæ munera ſumma cum modeſtia &

398.0 1764.0 1570.0 75.0 officij ſolicitudine obire, quę iniunxit dñs, ne obrepẽte, ut ſolet, faſtidioſortis

400.0 1824.0 1570.0 71.0 noſtræ quæramus altiora, uel etiã alia, admiſſa cuncti officij præcipua peſte

401.0 1877.0 1571.0 66.0 πολυπραγμοσύνν, quæ ſcilicet efficit, ut ceu membra luxata in corpore domi¬

398.0 1931.0 1574.0 67.0 ni, & ipſi uim actionem cõmunis ſpiritus minus percipiamus, & proximi¬

400.0 1987.0 1570.0 62.0 cõmembris noſtris ſimus moleſtitantũ, & ad recte uiuendũ impedimento.

401.0 2031.0 1567.0 68.0 Deinde docet unde ſit uera libentia, alacritas & conſtantia in officio, cõmen¬

401.0 2088.0 1566.0 78.0 dans charitatem animi flagrantem, contentionem ſtudij, tolerantiã malorũ,

403.0 2141.0 1571.0 73.0 cum omnimoda uſtæ ſanctimonia, & quo hæc omnia & adſint & conſeruen¬

401.0 2208.0 1576.0 59.0 tur nobis & augeantur, ſpiritus amplioris imploratſonem aſſiduã. Poſtre¬

403.0 2251.0 1576.0 64.0 moexplicat officij latitudinẽ, inſtituitq ut nos erga fratres, hostp tam infir¬

401.0 2301.0 1580.0 76.0 mos fide, q̃ robuſtos, tam diſſentientes, q̃ conſentiẽtes, ut ergaexteros, erga

401.0 2354.0 1580.0 76.0 inimicos, erga Magiſtratus, & homines quos libet gerere, officium; pſtare

400.0 2408.0 1582.0 71.0 addecet. Hæc Apoſtolus reliqua parte Epiſtolæ breuiter quidem, ac cõſum¬

400.0 2462.0 1581.0 74.0 matiſſime & ardentiſſime, ut omnia, tradit, explicat, cõmendat, infigit. No¬

400.0 2525.0 1584.0 62.0 uero, quoniam in ex plicandis prioribus fuſi admodum fuimus, & hæe inſti¬

400.0 2570.0 1581.0 72.0 tutioin omnibus Epiſtolis recurrit, ne in immenſum hic Tomus excreſcat,

403.0 2621.0 1585.0 69.0 perſt ringere omnia quàm breuiſſime ſtudebimus, explicatiore enarratione

400.0 2678.0 1586.0 70.0 in reliquas Epiſtolas dilata. Dominus adſit nobis, quo uel aliquibus ad fru¬

401.0 2731.0 1592.0 72.0 gem uitæ Chriſtianæ noſtra opera ſeruiat. Vale in domino, quiſquis domi¬

398.0 2782.0 1583.0 88.0 num inſanctiſſimo hoc organo ſuo fundentem uerbauitæ ſuſtines exaudire.

635.0 238.0 1089.0 68.0 IN EPISTOLAM D. PAVLI AD ROMANOS.

1003.0 288.0 347.0 67.0 Liber Tertius.

915.0 373.0 503.0 65.0 AD LECTOREM.

1782 2846 209 83 META¬
