2143 3229
134 158 778 103 los, ſt Apoſtolo eſſe maximi, & quæ mone¬

136.0 247.0 786.0 61.0 bat monere ex ſyncera ipſom charitate. Ami¬

138.0 294.0 780.0 55.0 cis enim, & qui nos modeſte blandeq́; conue¬

136.0 346.0 777.0 50.0 niunt, lbuer auicuitamus, nud, qa dredim¬

134.0 387.0 783.0 56.0 amicos noſtram quęrere utilitatem, hoc, quia

134.0 426.0 783.0 58.0 noſtro potius q̃ alieno arbitrio uiuere iuuat.

423.0 95.0 996.0 93.0 D. PAVLI AD ROMANOS CRP. XII.

179.0 478.0 736.0 52.0 Per miſerationes Dei.] Ebræun dy

134.0 518.0 779.0 65.0 retulit, de qua uoce dictũ eſt ſupra.9.n illud,

139.0 563.0 776.0 61.0 Moſi enim dicit, ſect. 3. Et ibidem in illud. In

138.0 615.0 779.0 55.0 Oſeæ dicit, ſect. 4.. Propenſiorem charitarem

134.0 656.0 777.0 61.0 & miſericordiam ſignificat. Ebræi plurali nu¬

136.0 708.0 777.0 56.0 mero hãc uocem uſurpant, ſicut nos nomen

136 748 779 61 diuitiarũ, & plęra alia, forſan quod uera &

136.0 792.0 777.0 65.0 ardẽtior charitas, quę uoce dy ZN exprimi

136.0 852.0 777.0 43.0 tur, plurnils alceubus Maiper cntud dga

138.0 886.0 777.0 59.0 eos, quos complectitur. Huius autem miſeri

136 931 781 55 cordiæ Dei admoneri, ualet merito plurimũ

138.0 981.0 779.0 50.0 ad excitandum animos noſtros, ut tantæ in

134.0 1020.0 783.0 67.0 nos charitati Dei reſpondere ſtudeamus to¬

138.0 1061.0 777.0 67.0 to pectore, ad eam uitam enitentes, ad quam

138.0 1114.0 777.0 55.0 ut adduceret nos pater cœleſtis tãtanos com¬

139.0 1157.0 778.0 64.0 plexus charitate eſt, ur filium pro nobis in

139.0 1209.0 358.0 55.0 mortem tradiderit.

0 500 91 94 cru

10 554 59 46 phe

950 180 775 83 ſedut patris uoluntatem faceret. Item cum di¬

942.0 242.0 788.0 59.0 cebat. Parer ſaluifica me ex hac hora, ſed pro¬

953.0 297.0 775.0 56.0 pter hoc ueni in hãc horam. Et, aufer à me ca¬

954.0 346.0 776.0 48.0 ncem nuc, led non mea, ied tua uoluntas ſiat,

954.0 383.0 770.0 58.0 Paulus huius exempla in ſe paſſim exhibet,

953.0 432.0 775.0 54.0 cum in Epiſtolis, tum in Actis. Ex hac cerre ſui

953.0 473.0 777.0 63.0 conſecratione erat, ꝙ non poterat Romã ueni

953.0 529.0 771.0 54.0 re, qd tam diu propoſuerat, ſupra. 1. Item ꝙ

953.0 565.0 775.0 62.0 oprabat à Chriſto anathema eſſe pro ſalute lu

953.0 617.0 775.0 57.0 dæorum, ꝙ agnoſcebat neceſſitatem ſibi eſſe

951.0 658.0 775.0 57.0 Euangelizandi. 1.Cor.9. ꝙ neſciebatit. m

953.0 704.0 775.0 54.0 deligeret, diſſolui, an Eccleſijs porrò miniſtra

953.0 748.0 777.0 55.0 re, ac ducebar ſibi mori lucro, uiuendi uero

954.0 792.0 776.0 58.0 unam cauſſam habebat Chriſtum, ꝙ gaude¬

956.0 850.0 774.0 52.0 barue anneuombus quas peritrebar pio Ec¬

953.0 889.0 778.0 54.0 cleſijs Coloſs.1. ꝙ ſuſtinebat omnia propter

953.0 932.0 778.0 58.0 electos.2. Timoth.2.Ex cadem ſui addictione

954.0 979.0 776.0 57.0 erant & illa quæ dicebat presbyteris Epheſijs

954.0 1022.0 777.0 57.0 Mileti. Proficiſcor Hieruſalem neſcius quid il

954.0 1061.0 777.0 63.0 lic euenturũ ſit, niſi ꝙ ſpiritus ſanctus per ſin¬

956.0 1117.0 777.0 52.0 gulas ciuitates teſtificatur, dicens, ꝙ uincula

954.0 1164.0 777.0 59.0 & afflictiones memanẽt, uerũ nihil me mo¬

956.0 1209.0 775.0 53.0 uet, necuita mea eſt chara mihi ipſi, ut conſu¬

954.0 1257.0 779.0 56.0 mam curſum meum cum gaudio, & miniſte¬

958.0 1300.0 777.0 56.0 rium meum quod accepi à Dño Ieſu. Acto.

958.0 1347.0 777.0 52.0 20. Item ꝙ reſpondebat frarribus Cælareæ

958.0 1392.0 777.0 55.0 flentibus, ꝙ in certum diſcrimen iret Hicruſa¬

960.0 1435.0 777.0 55.0 lem. Quid facitis flentes & adfligentes cor me

960.0 1479.0 777.0 60.0 um. Ego uero non ſolum uinciri, ſed & mori

960.0 1523.0 775.0 64.0 paratus ſum Hieroſolymis pro nomine Do¬

960.0 1571.0 779.0 56.0 mini Ieſu. Ex eadem erat, ꝙ hi ipſi fratres cum

960.0 1621.0 773.0 54.0 non perſuaderẽt Paulo ne iret Hieroſolyma,

963.0 1661.0 776.0 66.0 acquieſcebãt dicentes, Domini uoluntas fiat.

967.0 1707.0 773.0 59.0 Verbo παρας ῆσαι ſupra. 6. Secti.2. &.3.

963.0 1750.0 776.0 63.0 quo uſus eſt, & in eũdem ſenſum, cum hor¬

962.0 1799.0 780.0 61.0 tatus eſt, ut membra noſtra exhibeamus &

961 1843 775 62 offeramus Deo ad organa iuſtitiæ. Nomine

963.0 1894.0 772.0 61.0 corporis externũ hominem dixit, à parte eius

962.0 1933.0 522.0 65.0 patentiore, urſupra.6.7. &.s.

192.0 1243.0 732.0 70.0 Vt ſiſtatis ueſtra corpora. THoc ſiſtere eſt

147.0 1300.0 770.0 63.0 primum in ſacris ceremonijs religionepræci¬

143.0 1343.0 777.0 66.0 pua, deinde contentione animi ſingulari, m

143.0 1384.0 775.0 65.0 omnibus priuatis precibus, & grauioribus

143.0 1436.0 775.0 56.0 admonitionibus, ſiue beneuolentiæ ſiue iræ

141.0 1479.0 777.0 58.0 Dei, quæ uel nobis uel proximis noſtris fi¬

145.0 1523.0 773.0 59.0 unt, in ijs rebus quæ eueniunt inſolentiores,

145.0 1567.0 777.0 69.0 cum optatæ tum aduerſæ, poſtremo in om̃i

143.0 1616.0 777.0 59.0 etiam uita noſtra, in cunctis noſtris cogitatio

145.0 1668.0 772.0 57.0 nibus, dictis & factis, eleuatione mẽtis certa,

145.0 1707.0 781.0 61.0 agnoſcere & confiteri domino, malum eſſe &

147.0 1756.0 775.0 63.0 Pnicioſum, quicquid uidet libet nobis pro

147.0 1799.0 773.0 57.0 ingenio carnis noſtræ, indeq́; id omne ex ani¬

145.0 1847.0 779.0 63.0 mo deteſtari & abdicare, cõtra agnoſcere at

147.0 1890.0 777.0 61.0 confiteri, bonum & ſalutare, eoq ferendũ &

147.0 1939.0 775.0 59.0 ſectandum eſſe, quicquid immiſerit aut iuſſe¬

145.0 1985.0 779.0 52.0 rit Deus, ſimul́ orare obnixe, ut Deus ipſe

148.0 2023.0 770.0 63.0 nos in omnibꝰ actionibus ſuſcipiat, doceat,

150.0 2073.0 779.0 58.0 regat́ ad ſanctificandum nomen ſuum, &

148.0 2114.0 783.0 60.0 amplificandum regnum ſuum. De hac conſe

147.0 2168.0 782.0 58.0 cratione hominis Pſalmi paſſim canunt, ſicut

147.0 2213.0 780.0 56.0 ea proprium opus eſt ueræ precationis. Pſal¬

150.0 2254.0 781.0 60.0 mo.5.canit Dauid de ſolẽni ſui addictione his

150.0 2297.0 783.0 61.0 uerbis. Ego fretus ampla bonitare tua, ueniã

150.0 2344.0 781.0 61.0 domumtuã, adorabo in templo ſancto tuo,

152.0 2389.0 779.0 59.0 religioſa reuerentia tui. Domine deduc me iu¬

154.0 2434.0 777.0 66.0 ſttia tua propter eos qui inſidiantur mihi, di¬

152.0 2486.0 781.0 63.0 rige coram meuiam tuam. De priuata eſt.25.

157.0 2534.0 769.0 54.0 At te inquit ò Domine attollo animam meã,

156.0 2577.0 779.0 61.0 Deus mi in te conſido, uias tuas facnotas mi

154.0 2615.0 781.0 65.0 hi. De generali eſt, Pſalmo ſedecimo. Propo¬

156.0 2669.0 780.0 59.0 ſui mihi Dominum ſemper, nam à dextris

156.0 2710.0 779.0 57.0 mihi eſt, ne commouear. Sed perpauci Pſal¬

157.0 2753.0 785.0 68.0 mi ſunt in quibus non commendetur, hæc

159.0 2798.0 779.0 65.0 noſtri ad placita Dei oblatio. Huius conſecra¬

159.0 2846.0 781.0 60.0 tionis exemplũ præſtitit Dominus, cum ſub¬

168.0 2893.0 779.0 92.0 inde deſe teſtabatur, ſeueniſſe non ut ſuam.

10 1278 113 53 ranſter.

8 1313 64 102 mr¬

1640.0 113.0 88.0 91.0 410

998 1993 735 46 Hoſtiam uiuam. ] Infra. 15. memoratut

967 2025 768 64 Deo adduxerit gentes ceu προσφοράν, id eſt,

969.0 2080.0 771.0 54.0 oblationem acceptam & ſanctificaram. Qua¬

965.0 2122.0 775.0 55.0 drat uero pulchre nomen bυσίας, eo ꝙ hoſti¬

967.0 2159.0 772.0 60.0 am ſignificar quæ mactari ſolebat. Omnino

969.0 2217.0 770.0 48.0 enim mori nos nobis ipſis oportet, cum nos

967.0 2251.0 775.0 63.0 Deo cõtradimus immutãdos aduirã. Sed eſt

967.0 2297.0 772.0 63.0 hocnomen cõmune ijs rebus, quæ Deo offe¬

969.0 2348.0 773.0 54.0 runtur: uocat enim Apoſtolus δυσίαμ & id

969.0 2389.0 771.0 65.0 pecunię, quod ei Philippenſes miſerãt Romã,

967.0 2434.0 772.0 61.0 Phil. 4. Ad qd addiderit Apoſtolus uiuam,

969.0 2486.0 770.0 59.0 ſanctam & pergratam, & rationalem cultũ,

969.0 2525.0 773.0 59.0 dixi in expoſitione. Ad illud ἐυάρεςου, ſub

969.0 2567.0 771.0 62.0 audiendum eſt, θεῶ, quod in loco iam addu¬

969.0 2620.0 461.0 58.0 cto Philip.A. adiectum eſt.

1760 1824 167 105 20Du qUA

1755 1972 102 91 tiotu.

1006 2671 733 54 D.Chryſoſtomus, per Αογεκήμ λαρέαυ,

966 2704 773 70 uirtutes intelligit, ut temperantiam, æquitarẽ,

970.0 2757.0 772.0 59.0 miſericordiam, innocentiam. Sed cum Apo¬

969.0 2800.0 775.0 57.0 ſtolus hic per noſtra corpora nos ipſos totos

967.0 2843.0 779.0 59.0 intelligat, & præcipue ſecundũ mentem, nam

963.0 2891.0 779.0 90.0 ab hac omnis reliqua uita pender, uidetur illi,

1760 2650 132 100 Radtomtte

1760 2720 84 65 caltus.

1651.0 2941.0 98.0 96.0 hæs
