2105 3183
681.0 65.0 1015.0 94.0 ENARRATIONES EPISTOLAE¬

398.0 77.0 113.0 92.0 466

390 129 775 104 ritur. De utro ergo ſubijcit, & primum de

398 196 767 82 amore ſtudio́ beneficij, quo ex animo auer

392.0 245.0 775.0 67.0 ſemur quicquid miaidlihlit, & hominibus in¬

398 297 760 63 cõmodet, & ſimus adglutinati bono, id eſt,

396.0 344.0 778.0 64.0 ſumme cupidi & ardentes in omne id quod

398.0 390.0 771.0 66.0 hominibꝰ gratum ſit uere bonum. Videas

398.0 436.0 771.0 59.0 homines, qui natura mundiciem miro ſtu¬

398.0 472.0 769.0 67.0 dio expetant, deteſtentur ſordes, alios qui ar¬

399.0 518.0 766.0 67.0 deant in militiam, uitam umbratilem non fe¬

399.0 569.0 768.0 64.0 rant: plęroſ qui toto ferantur animo in lire¬

399.0 608.0 770.0 67.0 ras, illiteratam uitam, aut remotam à ſtudijs

401.0 654.0 768.0 65.0 literarum morte magis fugiant. Sic uult Apo

403.0 698.0 769.0 69.0 ſtol9 animos noſtros eſſe addictos deditos

403.0 744.0 766.0 65.0 ſtudio beneficentiæ, & ſumme abhorrere ab

405.0 788.0 766.0 64.0 omni eo, quo proximus uideat̃ lædi aut of¬

403.0 834.0 771.0 73.0 fendi, id eſt, quo illiexhibeas πν πόνομ. Tali

405.0 884.0 766.0 60.0 animo cum præditũ & excellere uelit Epiſco¬

408.0 924.0 770.0 66.0 pum, inter cætera eius ornamẽta requirit ſcri

410.0 967.0 766.0 71.0 bens ad Titũ, ur ſit qιλαγαδος, quo idem ex

408.0 1016.0 764.0 75.0 preſſir, quod hic per κολώμενομ τῶ ἀγαbῶ.

449.0 1057.0 723.0 76.0 Affectum & propenſionem animi in ipſos

414 1098 759 74 quibus benefaciendum eſt, eo exprimit, dum

408.0 1152.0 764.0 62.0 iubet eos eſſe τu͂ φιλαδιελφία ἐς ἀλήλυς

408.0 1202.0 766.0 67.0 φιλοςόργος. Cõiungit duo, quoꝵ utrum

406.0 1246.0 763.0 66.0 inſignem & uehementem amorem exprimit,

408.0 1283.0 761.0 68.0 amorem fraternum & qιλοςοργίαμ, id eſt,

408.0 1336.0 766.0 59.0 eiuſmodi amorem, quo parentes liberos, &

408.0 1373.0 766.0 71.0 humani grati liberi parentes complectun¬

408.0 1423.0 768.0 67.0 tur, nam utrorumq́ in alios qiλοςοφγία eſt.

413.0 1478.0 763.0 53.0 Vult ergo ut nos inuicem uere fraterno amo

408.0 1513.0 768.0 66.0 re proſequamur, eo uehementi, quo alius

410.0 1556.0 768.0 63.0 alio ſummopere oblectetur, iuuare alius aliũ

410.0 1607.0 766.0 58.0 cupidiſſime ſtudeat: cum datũ fuerit,ut ali¬

412.0 1646.0 766.0 69.0 us alij aliqua in re cõmodarit, ex eo maxima

412.0 1692.0 764.0 72.0 afficiatur uoluptate. Hac qiλαδιελφία ος

412.0 1745.0 764.0 53.0 αληλος φιλός ορyoι fuere Dauid & Iona¬

410.0 1784.0 697.0 67.0 thas filius Saulis, Paulus & Timotheus.

454.0 1828.0 727.0 64.0 Vt autem cunctus noſter amor & benefi¬

410.0 1885.0 771.0 56.0 centia erga proximum, in Deum nobis reſe¬

412.0 1927.0 767.0 57.0 renda eſt, cui omnem eum amorem & offici¬

412.0 1968.0 767.0 65.0 um reddimus, quibus fratribus nos aman¬

422 2007 756 72 tes & beneficos exhibemus, ſubijcit Apoſto¬

424 2058 754 64 lus, alius alium honore anteuertire. Honoris

422 2098 748 74 porrò nomineſcriptura ea beneficia intelligit,

413.0 2150.0 768.0 58.0 quæ qui dem ultro, & cum præcipuo deme¬

413.0 2199.0 770.0 53.0 rendi ſtudio, at ex debito tamen reddimus ex

415.0 2242.0 766.0 56.0 cellenti merito. Vti eſt alere parentes, & dupli

413.0 2282.0 768.0 61.0 cem honorem, hoc eſt, liberale dimenſum

413.0 2330.0 766.0 59.0 præbere ijs, qui bene præſunt & laborant in

413.0 2373.0 763.0 63.0 uerbo. Necem dum proximis benefacimus,

413.0 2419.0 759.0 61.0 ipſos ceu dato beneficio nobis obſtringimꝰ,

413.0 2463.0 763.0 65.0 nam Deo in illis debitum reddimus cultum,

412.0 2511.0 767.0 60.0 non conferimus illis aliquid denoſtro. Inde

413.0 2562.0 765.0 51.0 anxie eriam nobis expetendum & curandum

413.0 2601.0 758.0 58.0 eſt, ut miniſteriũ noſtrũ ſit ἐυπρόσδ'εxloμ,

412.0 2645.0 769.0 62.0 bene acceptum frarribus, ſicut Apoſtolus ſo¬

412.0 2693.0 769.0 56.0 licite certe expetebat & curabat admitti acre¬

412.0 2733.0 773.0 64.0 cipi à ſanctis Hieroſolymis eleemoſynã quã

410.0 2785.0 769.0 54.0 eis collegerat & adferebat à Gentib9. De quo

411 2822 759 93 infraſub finem.is. cap. Veræ ira & Chriſti.

1199 122 773 90 anæ chariatis eſt, ut alius alium ducatſepræx

1199 193 765 66 ſtantiorem, ut Apoſtolus hortatur Philip.2.

1202.0 238.0 764.0 72.0 dignũ́ cui omni ſtudio inſeruiat, quacun

1197.0 290.0 775.0 58.0 re alius alij in domino gratificari uel commo

1190.0 327.0 784.0 69.0 dare poſſit. Nam non ſolum ea reuerentiazea

1197.0 374.0 778.0 61.0 ueneratione quicquid datur præſtare officij.

1195.0 420.0 782.0 64.0 exhibere fratribus oportet, qua bene inſtiruri

1195.0 470.0 782.0 55.0 filij officium faciunt parentibus, aut probe

1202.0 512.0 772.0 60.0 morati ſubditi optimis Principibus & Regi¬

1201.0 564.0 773.0 53.0 bus ſuis, uerum qua Deo ipſi. Deo nam,

1202.0 597.0 775.0 66.0 non hominibus inſeruimus & officium præ¬

1204.0 647.0 773.0 58.0 ſtamus, dum demeremur fratres, uti paſſim

1202.0 693.0 775.0 63.0 ſcriptura teſtatur. Hinc Paulus id beneficij

1209.0 733.0 768.0 68.0 quod ſibi Romã Philippenſes miſerant, cum

1202.0 778.0 775.0 70.0 in uinculis eſſet, uocabat oblationem ſuauis

1206.0 832.0 771.0 55.0 odoris, hoſtiã acceptam, bene gratam Deo.

1208.0 878.0 769.0 55.0 Hactenus cõmendauit Apoſtolus ea, ex qui¬

1204.0 921.0 777.0 56.0 bus exiſtit plena officĩj faciẽdi uoluntas & ſtu

1206.0 965.0 773.0 60.0 dium ſolidum, quæ deinde ſubijcit, ſuſtẽtans

1206.0 1006.0 552.0 62.0 hanc uoluntatem & perducunt.

1250.0 1057.0 729.0 57.0 Vt enim natura in nos ipſos æquo indul¬

1213.0 1108.0 754.0 55.0 gentiores ſumus, & labore facile frangimur,

1209.0 1151.0 763.0 55.0 hortatur nũccominodum, ut impigri ſimus

1207.0 1188.0 765.0 66.0 ſtudio, & ſpiritu feruentes. Spiritus nomine

1210.0 1236.0 762.0 66.0 intelligit energiã exertam animi, ipſam́p uim

1209.0 1287.0 770.0 56.0 agendi intentam, huius ſpiritus feruor eſt, ſin¬

1211.0 1326.0 766.0 63.0 gularis huius energiç & explicatæ uis in agen

1208.0 1379.0 769.0 51.0 do contentio. Tali contentione ad prædican¬

1211.0 1414.0 766.0 60.0 dum Chriſtum erat Apollo, de quo Acto.8.

1209.0 1465.0 768.0 59.0 ſcribitur, ꝙ loqueret̃ feruens ſpiritu, & doce¬

1211.0 1510.0 768.0 62.0 ret diligenter quæ Dei ſunt, quo Lucas teſtari

1209.0 1561.0 768.0 49.0 uoluit illum fuiſſe uchementem, & cauſſam

1208.0 1596.0 613.0 60.0 Chriſti egiſſe contentione ſingulari.

1250.0 1652.0 719.0 58.0 Porrò ita inſidiatur officioſitati ſanctorũ

1207.0 1681.0 762.0 74.0 Satan, ita obſiſtitei & hominũ improbiras.

1209.0 1741.0 770.0 53.0 ut neceſſe ſit eum, qui uelit fratribus uere &

1211.0 1784.0 768.0 56.0 conſtanter commodare, magno ſtudio immi

1208.0 1833.0 771.0 53.0 nere occaſioni iuuandi. Nam quo un gene¬

1211.0 1900.0 764.0 36.0 Te Deneridon pius comodirradieumus,

1211.0 1918.0 766.0 60.0  monendo & exhortãdo, ut Chriſto uiuãte

1213.0 1971.0 768.0 55.0 at ̃ raro occurrit occaſio, utq facile rurſus

1211.0 2014.0 768.0 54.0 occaſio auolat hoc beneficio fratres afficiẽdi?

1215.0 2053.0 764.0 60.0 Vt haud uulgari cautione & prudentia opus

1213.0 2106.0 769.0 51.0 eſt, ut cui fructu moneas & exhorteris. Quid?

1211.0 2146.0 773.0 57.0 eriam ſi corpori modo benefacere aliquid in¬

1213.0 2190.0 773.0 59.0 ſtituas, quanta & ad id circumſpectione uten

1213.0 2235.0 773.0 60.0 dum, ut eo proximis uere proſis, incites cos

1211.0 2286.0 775.0 55.0 ad Chriſtum, non des occaſionem, ut aut car

1211.0 2332.0 777.0 58.0 ni ſuæ indulgentes, tuo beneficio reddantur

1213.0 2378.0 777.0 53.0 deteriores, aut certe non ad Chriſtum agno¬

1213.0 2422.0 778.0 57.0 ſcendum beneficentia excitentur, quod ſi non

1211.0 2461.0 780.0 62.0 fiar, profecto perijt bencficium Chriſtiano.

1209.0 2509.0 779.0 65.0 Is enim uiuit & agit hac una cauſſa omnia,

1208.0 2558.0 785.0 57.0 ut nomen patris cœleſtis ſanctificetur, & re¬

1213.0 2606.0 784.0 55.0 gnum eius, cognito plenius Chriſto Domi¬

1206.0 2650.0 789.0 57.0 no, inſtauretur. Et qui non ſit difficillimum

1204.0 2694.0 798.0 53.0 nanciſci oportunitatem & tempus agendi ad

1208.0 2740.0 796.0 57.0 profectũ regni Chriſti, quãdo tam difficile fit

1208.0 2786.0 797.0 57.0 etiam quauis in re occaſionem bene agendi

1207 2824 789 96 nancſc, id q̃ l nemo nõ querit, & teſtanr̃ re¬

222.0 931.0 165.0 91.0 φιλάγα¬

222.0 1000.0 85.0 78.0 θος.

225 1082 162 85 φιλόστορ¬

226.0 1154.0 131.0 57.0 γοι qui.

222 1984 186 95 Honor ꝓbe¬

230 2060 178 59 nef cenua uo

228 2098 180 55 luntaria aua¬

228.0 2137.0 164.0 76.0 men debita.

1988 1061 82 87 Scfiora¬

1988 1124 56 66 pigri.

1993 1180 69 82 Spiritu fer¬

1993 1238 64 80 uentes¬

1993 1631 93 77 Oceaſiori

1993 1686 74 77 uiendum.

1844 2887 160 60 iactara
