2148 3219
463.0 85.0 989.0 95.0 D. PAVLI AD ROMANOS CAP. ΧII.

1634.0 98.0 95.0 95.0 469

179.0 155.0 747.0 86.0 Hæc uero omnia commendat Apoſtolus,

166.0 225.0 760.0 67.0 primum authoritate ſua, quæ Romanis fra¬

153.0 273.0 773.0 59.0 tribus erat, & eſt Chriſtianis omnibꝰ, ob gra¬

152.0 323.0 774.0 54.0 tiam Dei ipſi hoc munere Apoſtolatꝰ ad gen

153.0 359.0 775.0 63.0 tes adeo potentis, tam præclare factam, iure

152.0 409.0 774.0 63.0 multo maxima. Deinde inſunt in ipſis quo

155.0 463.0 764.0 50.0 uerbis, quibus Apoſtolus ad hæc hortatur,

153.0 498.0 777.0 59.0 argumenta, quæ ualent apud credentes Chri

152.0 543.0 774.0 61.0 ſto merito ̃ plurimum. Etenim cum profite¬

153.0 593.0 775.0 54.0 mur noſtri abnegationem, & nouimus hoc

157.0 640.0 774.0 55.0 quem maiorem apud dominum eſſe, quò

153.0 681.0 773.0 61.0 ſe magis ipſe deiecerit ad proximorum obſe¬

153.0 733.0 773.0 52.0 quia, deinde ſcimus totam legem Dei imple¬

152.0 772.0 778.0 59.0 ri dilectione ſolida proximi, non bene meriti

155.0 819.0 776.0 57.0 tantũ, aut nõ male meriti, ſed proximi, quem

155.0 865.0 773.0 59.0 cun Dominus nobis adiunxerit, qui apud

152.0 908.0 776.0 59.0 nos uiuit, quẽ iuuare licet, hæc certe cum me¬

155.0 962.0 775.0 57.0 minimus, & conſyderamus, facile agnoſci¬

153.0 999.0 778.0 63.0 mus, præſertim moniti, & moniti ex certa

155.0 1044.0 773.0 62.0 adeo at ampliſſima uocatione Dei per gra¬

157.0 1089.0 767.0 62.0 tiam datã Apoſtolo huic oĩm pręſtãtiſſimo,

159.0 1139.0 769.0 60.0 officium noſtrum eſſe his ipſis ad quæ Apo¬

157.0 1189.0 699.0 52.0 ſtolus hic hortatur, ſtudere ſummopere.

200.0 1233.0 733.0 58.0 Primum uero eſt, ex animo oĩbꝰ etiã ipſis

157.0 1269.0 773.0 65.0 hoſtibus bene precari, nemini male. In his ſo¬

159.0 1321.0 774.0 57.0 la mentio precationis, tum deuotionis, item

159.0 1368.0 772.0 59.0 boni & mali, inſigne momentum adfert im¬

159.0 1405.0 774.0 68.0 pellẽ di Chriſtianos ad id, quo Apoſtolus uo¬

159.0 1462.0 771.0 54.0 cat. A bono enim in om̃es Deo patre noſtro,

160.0 1500.0 771.0 68.0 quid boni filij aliud ̃ bona precemur, ijs, ꝓ

159.0 1552.0 776.0 53.0 quorum bono & ſalute in loco nobis ipſa

160.0 1591.0 773.0 63.0 quo mors oppetenda eſt, hoc eſt proximis

159.0 1634.0 776.0 72.0 omnibus, etiam infeſtiſſimis ? Deinde cum

160.0 1682.0 775.0 61.0 oporteat nos eſſe tam abſoluta charitate &

159.0 1729.0 776.0 68.0 bonitate, quæ omnino efficit ut eiſdem rebus

159.0 1770.0 779.0 63.0 eodem modo afficiamur, qui nõ egregie huc

162.0 1816.0 773.0 63.0 cõmouerent nos ſolæ hæ uoces, flentes, gau¬

159.0 1863.0 776.0 63.0 dentes? Præterea profeſſi crucem Chriſti, qui

159.0 1913.0 779.0 64.0 non ipſo etiam nomine auerteremur ab om̃i

160.0 1952.0 777.0 65.0 inſolentia & complacentia noſtri, tum depel¬

159.0 1995.0 781.0 74.0 leremur ad quoſuis quan̃ humiles, & ad

160.0 2044.0 778.0 64.0 quęuis miniſteria quantumlibet abiecta, mo¬

160.0 2090.0 777.0 66.0 do liceat iuuare proximos? Adhæc cum uo¬

159.0 2133.0 778.0 68.0 lumus eſſe boni omnibus, & pacis ſtudioſiſſi¬

160.0 2203.0 778.0 43.0 mi, qui non tantum audiſſe de beneficijs cun¬

162.0 2231.0 775.0 61.0 ctis pręſtandis, & approbandis, de pace cum

162.0 2269.0 778.0 75.0 omnibus colenda, de non cedendo malo, ſed

162.0 2323.0 776.0 71.0 uincendo malo per bonum, nos ad hæc ipſa

162.0 2369.0 481.0 66.0 totos incitet, & inflammet?

205.0 2392.0 737.0 83.0 Poſtremo tamen quia difficillimum eſt il¬

162.0 2458.0 776.0 63.0 latam iniuriam penitus remittere, & condo¬

164.0 2498.0 778.0 68.0 nare, omnem́ uindictam noſtri Deo cõmit¬

164.0 2548.0 778.0 62.0 tere, adducit ad hoc penitius infigendum ani¬

164.0 2587.0 776.0 68.0 mis noſtris oracula duo. Priore oſtendit nos

166.0 2634.0 776.0 73.0 non ſolum non debere, ſed nec poſſe quidem

168.0 2678.0 769.0 77.0 iniuriã illatam ulciſci. Date inquit locum iræ,

171.0 2732.0 771.0 59.0 id eſt, ultioni, non addit, Dei, adeo uult agno

171.0 2771.0 773.0 67.0 ſci, unius Dei eſſe iraſci malis, hoc eſt, repende

169.0 2825.0 773.0 59.0 re. Cum em̃ nemini uel pilum mouere poſſu¬

169.0 2872.0 782.0 118.0 mus, ſi id non agat perficiat́ Dominus, co¬

961.0 158.0 765.0 88.0 natu ultionis ſicut Deum grauiſſime offende¬

961.0 225.0 762.0 67.0 re, ita nos ipſos perdere poſſumꝰ, exequi uin

961.0 270.0 765.0 67.0 dictam nõ poſſumus. Porrò ratio huius ma¬

956.0 321.0 771.0 63.0 nifeſta eſt ex oraculo, quo Deus ipſe ſibi ulti¬

958.0 368.0 764.0 59.0 onem propriam facit. Mihi inquit uindictã,

958.0 407.0 769.0 66.0 & ego repẽdam. Mihi inquit, & ego, adeo ſi¬

964.0 454.0 765.0 59.0 gnificanter ſuam ſolius eſſe ultionem malorũ

958.0 502.0 771.0 55.0 teſtatur Deus ipſe. Sic ergo cum Deo propria

960.0 549.0 769.0 62.0 uindicta ſit, nemo eam hominum facere pote

958.0 595.0 771.0 59.0 rit. Quum autem ſic poſcit iuſtum iudicium

958.0 640.0 771.0 55.0 Domini, ut pœnæ de improbis ſumant̃, id́

960.0 683.0 769.0 57.0 per ipſum dominũ, huic tam ſancto eius ope

962.0 731.0 769.0 59.0 ri locum demus, nec impedire illud fruſtra &

960.0 774.0 767.0 62.0 impie conemur, nobis ſumpta poteſtate iudi¬

956.0 820.0 396.0 61.0 cis, quæ unius Dei eſt.

1003.0 861.0 728.0 59.0 Alterum oraculum eſt, quo iubemur pa¬

964.0 908.0 769.0 59.0 ſcere & potare inimicũ, quibus cum uita præ

962.0 956.0 767.0 56.0 ſens ſuſtentatur, iubemur his inimicis pręſta¬

964.0 1001.0 769.0 63.0 re, quæcun ad id aliquid conferunt, ut illi be

967.0 1051.0 764.0 59.0 ne & beate uiuant. Hic enim finis eſt uitæ cum

967.0 1092.0 766.0 65.0 noſtræ, tum omnium per nos ſuſtentandæ fo

967.0 1142.0 762.0 57.0 uendȩ́. Et hæc uera quo erit maloꝵ ultio,

969.0 1187.0 765.0 54.0 quæ quidẽ per nos adminiſtrari poſſit & de¬

967.0 1228.0 769.0 64.0 beat. Ignis ſiquidem quidam hoc pacto in ca¬

971.0 1276.0 763.0 61.0 pita inimicoꝵ congeret̃, quo non uretur mo¬

969.0 1323.0 769.0 57.0 do, ſed etiam exuretur mens mala, cum ſalute

969.0 1368.0 765.0 60.0 illoꝵ qui nos lęſerunt, ſi eius compotes ſunt,

971.0 1416.0 762.0 54.0 ſi minus, cum æterna quidem eoꝵ pernicie,

972.0 1455.0 766.0 59.0 at in magnificam gloriam Dei & ſalutem ali¬

976.0 1500.0 764.0 63.0 orum. Iſtuc iubet Dominus, ergo eſt facto

972.0 1552.0 669.0 55.0 optimum, & nobis unice expetendum.

1126.0 1593.0 456.0 61.0 INTERPRETATIO.

1012.0 1623.0 722.0 79.0 Bene precamini. ] Bene precari hominibꝰ,

971.0 1673.0 768.0 67.0 eſt illis à Deo bona, male precari, mala pere¬

974.0 1730.0 765.0 56.0 re. Recte uero hoc primum requirit Apoſto¬

972.0 1770.0 757.0 63.0 lus, ut inſectantibus nos, bene, non male pre¬

972.0 1811.0 761.0 66.0 cemur: cum nõ ſolum pijs, ſed impijs quo,

976.0 1867.0 764.0 53.0 qui ore factis́ Deum negãt, in omni rerum

974.0 1906.0 764.0 66.0 difficultate uota ad Deum primũ ſuccurrãt,

974.0 1954.0 766.0 63.0 tam cõtra hoſtes ipſorum, ̃ pro ijs, quibus

974.0 1993.0 766.0 61.0 bene uolunt. Deus nam regnũ ſuum in ho¬

972.0 2040.0 770.0 66.0 minibus mirifice obtinet, ut illi omnes, etiam

974.0 2092.0 764.0 59.0 qui animos ſuos in contrarium obfirmant,

974.0 2131.0 769.0 61.0 eum metuant, & inuocent. Quem enim non

972.0 2188.0 770.0 54.0 audias quouis in diſcrimine opem implora¬

974.0 2222.0 768.0 61.0 re Dei, cum pro ſe eripiendo, tum ad oppri¬

972.0 2265.0 771.0 59.0 mendum aduerſarios ſuos. Tum ſi quid ap¬

978.0 2312.0 767.0 64.0 pareat inſignioris boni, quis ſit qui nõ optet

976.0 2357.0 767.0 64.0 Deum id cõciliare ſibi, auertere ijs, quos ode¬

972.0 2405.0 771.0 64.0 rit? Sancti uero inuocant Deum hoc crebrius

974.0 2451.0 769.0 65.0 ac inſtantius, quo contentius ad Deum men¬

972.0 2498.0 773.0 57.0 tem ſuam ſuſtollunt, & magis aſſidue ex ope

976.0 2539.0 767.0 63.0 ribus & uerbo Dei bonitatis & ſapientiȩ eius

976.0 2582.0 766.0 64.0 admonent̃. Monet ita in loco Paulus, cum

976.0 2630.0 766.0 65.0 pij Deum ſemper ut ſummum bonum & ſer

976.0 2678.0 766.0 59.0 uatorem omnium intuentur, ut hominibus

974.0 2728.0 769.0 56.0 ſalutem ab eo orent, nequa̃ perniciem: &

972.0 2771.0 771.0 61.0 perſecutoribus eo amplius, quo illi inſanius

972.0 2818.0 770.0 59.0 ſalutem ipſi ſuam impugnant, perſequendo

964.0 2859.0 779.0 89.0 nimirũ filios Dei. Geminatiõe utitur & con¬

8.0 2712.0 123.0 75.0 poteſt

2.0 2762.0 151.0 59.0 indica¬

8.0 2805.0 104.0 159.0 mus

1755.0 1684.0 164.0 56.0 inſigniore in¬

1755.0 1722.0 164.0 56.0 uocatur Deus

1755.0 1655.0 167.0 53.0 in omni caſo

1749.0 1763.0 173.0 52.0 ut aliis faueat

1749.0 1804.0 153.0 71.0 alijs minus.

1466.0 2899.0 34.0 89.0 T

1597.0 2900.0 146.0 75.0 trario.
