2108 3205
408.0 96.0 115.0 76.0 460

403 144 788 88 hæc ipſa noftrorum corporum conſecratio,

406 213 785 72 ad quam hicnos Apoſtolus hortat, dici cul¬

406.0 265.0 780.0 59.0 tus rationalis, ab obiecto uidelicet cultus hu¬

408.0 306.0 784.0 59.0 ius noſtri, quo non ut olim irrationales pecu

408.0 352.0 778.0 62.0 des, ſed nos ipſos, qui rationales ſumus, &

408.0 397.0 782.0 60.0 maxime mentem, & ipſam rationem noſtrã

408.0 441.0 784.0 64.0 Deo offerimus. In expoſitione adieci & alterã

406.0 494.0 786.0 56.0 rationem huius appellationis, ab eo ꝙ nos

408 534 782 62 maiore q; ueteres cognitione cum uoluntatis

408.0 584.0 784.0 57.0 diuinæ, tum noſtrȩ ſalutis, ac ideo ratione cer

408.0 633.0 789.0 52.0 tiore Deo huncnoſtrum cultum præſtamus.

408.0 669.0 784.0 64.0 Etenim quod & in ueterum ſacrificijs præci¬

408.0 715.0 784.0 64.0 puum erat, ipſorum ſcilicet hominum ad uo¬

406.0 769.0 784.0 53.0 luntatem Dei conſecratio, imo primã eorum

408.0 808.0 780.0 60.0 à Deo ad innouationem ſalutis aſſumptio,

404.0 858.0 786.0 57.0 iſtuc nuncſine uelamine pecudum & aliarum

404.0 902.0 786.0 61.0 externarũ ceremoniarũ obſeruarione, reuela¬

404.0 945.0 784.0 59.0 te & maioreſpiritu geritur. Hinc poſſit cultus

402.0 988.0 784.0 60.0 noſter & ànobis eum præſtantibus, rationa¬

404.0 1036.0 784.0 59.0 lis dici. Sed prior ratio appellationis huius

402.0 1082.0 410.0 61.0 ab obiecto planior eſt.

719.0 65.0 993.0 97.0 ENARRATIONES EPISTOLAE

443.0 1132.0 745.0 60.0 Et ne conformemini. I Quia eſt συαομα¬

402.0 1175.0 786.0 62.0 τίζεοι, quod ad uerbum configuramini dici

402.0 1223.0 782.0 60.0 poſſit, D. Chryſoſtomus in hacuoce inanita¬

402.0 1264.0 782.0 60.0 cem uitæ huius ſæculi intelligit notatam, ad¬

402.0 1310.0 782.0 57.0 ducit́ illuda. Corint.7. Tranſit enim figura

400.0 1356.0 786.0 59.0 mundi huius. Nam immutari ad uitam Dei

402.0 1397.0 782.0 61.0 Apoſtolo non συαημα τίζεον, ſed μεταμoρ

402.0 1442.0 781.0 64.0 φοῦ θι dici, ut uideatur Apoſtolus uitæ huius

400.0 1493.0 781.0 64.0 ſæculi figuram, uitæ filiorum Dei formã tri¬

399.0 1540.0 784.0 58.0 buere, quo ſcilicet nomine maior ſoliditas ſi¬

400.0 1581.0 784.0 67.0 gnificetur. De eo quicquid ſit, Apoſtolus hic

400.0 1629.0 783.0 57.0 à rarione uiuendi dehortatur, quæ eſt ſæculi

397.0 1679.0 786.0 53.0 huius, id eſt, hominum nondum donatorum

397.0 1716.0 782.0 68.0 uita ſæculi futuri, uita Dei, & hortatur ad ine¬

400.0 1766.0 781.0 60.0 undam meditandam uitam Dei, uitam ſæ¬

395.0 1810.0 782.0 59.0 culi, quod expectamus. Ad Philip.2. uidetur

399.0 1853.0 777.0 57.0 Apoſtolus cum ſcribit, Dominum noſtrum

397.0 1899.0 779.0 64.0 aſſumpſiſſeformam ſerui, & figura repertũ

395.0 1946.0 777.0 60.0 ut hominẽ, pro eodem accepiſſe μoρφμρ ιώ

400.0 1997.0 768.0 59.0 αηῦμα. In eadẽ Epiſjona. nidibiede uomio,

400.0 2036.0 770.0 66.0 Qui μεταακματίσε corpꝰ humile noſtrũ,

397.0 2081.0 780.0 61.0 ut ſit conforme corpori glorioſo ſuo, ubi in

393.0 2125.0 619.0 68.0 uerbo πκματίζεον nihil inane eſt.

440.0 2172.0 737.0 66.0 Sed transformamini. ] Hanc noſtri tranſ¬

392.0 2222.0 780.0 62.0 formationem à renouatione mentis incipien¬

393.0 2264.0 779.0 61.0 tem deſcribit Apoſtolus explicatiſſime Ephe.

397.0 2312.0 777.0 59.0 4. Quemadmodum inquit, eſt ueritas in Ie¬

395.0 2368.0 779.0 53.0 ſu, deponere uos ſecundum priorem conuer¬

393.0 2409.0 779.0 58.0 ſationem, ueterem hominem qui corrumpi¬

392.0 2455.0 780.0 52.0 tur concupiſcentijs erraticis, renouari uero

390.0 2498.0 452.0 64.0 ſpiritu mentis ueſtræ &c̃.

433.0 2537.0 741.0 62.0 Quoualeatis certo iudicare. T Ab hocem̃

390.0 2583.0 780.0 64.0 certo iudicio uerorum bonorum, hoc eſt, eon¬

392.0 2629.0 775.0 68.0 quæ præcipit Deus, pendet om̃is recta actio.

392.0 2679.0 776.0 63.0 De explorata uero & inexplorata cognitiõe

388.0 2727.0 780.0 54.0 ueri boni, dixim9 ſupra primo in Cõciliatiõt

388.0 2772.0 779.0 59.0 adiecta Enarrat. Sect.6.cap.1. Et in quęſtione

388.0 2815.0 777.0 62.0 adiecta Enarrat. Secti.3.cap.2.Ad Philippen.

382 2857 785 115 poniur idemuerbi douinai le, & adiciuur.

1220 130 778 97 τὰ δμαφίςοντα, id eſt, quæ præſtant, quæ

1220 202 778 73 eximia ſunt. Id D. Chryſoſtomus euiã hicad¬

1226 251 772 74 iectum legit & interpretatur. Sed ut non eſt

1226 304 775 64 cauſſa cur ab Apoſtolo adijceret, ita puto ali¬

1226 341 775 72 quem ex Epiſtola ad Philippen. huic loco in¬

1218.0 398.0 786.0 63.0 ſeruiſſe. Ne enim quic bonum eſſe nobis

1220.0 439.0 784.0 70.0 poteſt, quod uult, probar, & præcipit De¬

1220.0 487.0 784.0 66.0 us. Vnde ſubijcit & ἐυάρεςομ, id eſt, pergra¬

1222.0 534.0 784.0 58.0 tum, ſubaudi Deo: quod & ſolum perfectũ

1222.0 575.0 780.0 64.0 eſt, adeo ut nulla uota hominum quic̃ ad¬

1218.0 623.0 786.0 67.0 iecerint. Poſcit a nobis Deus, ut mentem oẽm

1220.0 669.0 784.0 62.0 noſtram, cunctas́ cupiditares ipſi regendas

1220.0 714.0 784.0 64.0 permittamus, hac ratione cohibendi animi er

1224.0 758.0 778.0 64.0 rores & prauas cupiditates ꝗdulli unq; Phi¬

1224.0 806.0 780.0 64.0 loſophi præceperunt ſanctius & abſolutius?

1222.0 860.0 779.0 53.0 lubet ut rebus ad uſum corporis condicis uta

1222.0 895.0 782.0 62.0 mur eo modo, quo corpus cõmodiſſime alat

1222.0 947.0 780.0 55.0 & foueat, ad ſeruiendũ ꝓximis, ea opera &

1220.0 998.0 782.0 54.0 ratione, qua quiſ poſſit ſalutem proximon

1218.0 1043.0 783.0 52.0 tam priuatim q̃ publice promouere maxime.

1225.0 1080.0 777.0 63.0 Tali uſu rerum quæ corpori factæ ſunt, quid

1218.0 1127.0 783.0 64.0 fingas decentius? Quæ poſſit præcipi mode¬

1218.0 1171.0 783.0 61.0 ſtia actemperantia plenior ? Deni præcipit

1217.0 1225.0 784.0 58.0 ut quiſ proximis ſuis priuatim & publice ꝓ

1217.0 1264.0 782.0 62.0 uirili ſua præſtare Deum quendam, hoc eſt,

1215.0 1315.0 784.0 52.0 ſeruatorem in omnibus laboret. Huic iuſtitiæ

1218.0 1358.0 781.0 59.0 qd ulla adijciar ſapientia humanac Vereita

1215.0 1408.0 782.0 52.0 bonum & perfectũ eſt, id quod uult, quodq̃

1220.0 1444.0 777.0 73.0 pbat Deus, q̃d ei eſt libitũ & beneplacitũ.

1380.0 1495.0 471.0 54.0 OBSERVATIONES.

1256.0 1534.0 741.0 61.0 In hac ſectione oſeruemus inter cætera. Pri¬

1213.0 1590.0 779.0 51.0 mum, rationem exhortãdi ad officia picratis

1215.0 1629.0 780.0 57.0 cum fructu, in qua præcipua ſunt amica mo¬

1213.0 1677.0 780.0 55.0 nentis ſubmiſſio, & ſancta blandicia, tum di¬

1213.0 1725.0 782.0 55.0 uinæ erga nos miſericordiæ grauis admoni¬

1209.0 1766.0 784.0 59.0 tio. Illud conciliat animos monenti, hoc pon¬

1213.0 1810.0 782.0 64.0 dus adfert monitioni. Tum, initium omnis

1213.0 1866.0 782.0 51.0 rectæ uitæ eſſe, nos totos in hoc Deo addice¬

1211.0 1908.0 781.0 55.0 re, ut uetus in nobis homo intereat. Deinde,

1213.0 1955.0 780.0 55.0 uiuere conformiter huic ſæculo rem eſſe per

1209.0 2029.0 784.0 25.0 ciuzedacſdans Mdna Em

1211.0 2047.0 782.0 54.0 ſtro quo ſtudio uti ad noſtri trãsformatio¬

1206.0 2086.0 789.0 63.0 nem. Quo enim nos uetuſtatem ingenij noſtri

1209.0 2138.0 784.0 62.0 obſeruauerimus diligentius, orauerimus

1204.0 2184.0 793.0 54.0 ſpiritum Chriſti ardentius, hoc certe perfi¬

1208.0 2231.0 787.0 55.0 citur noſtri transformatio & citius & con¬

1206.0 2273.0 789.0 66.0 ſummatius. Præterea, uera bona à nemine, q

1206.0 2321.0 795.0 57.0 non ſit per Chriſtum regenitus, cognoſci rite

1204.0 2368.0 798.0 60.0 probari poſſe. Et hoc quem inſdentia ſalu

1204.0 2414.0 798.0 60.0 tis amplius profecturũ, quo maiores fecerit

1202.0 2460.0 795.0 59.0 renouatione mentis progreſſus. Poſtremo,

1206.0 2507.0 791.0 60.0 cum nihil bonum ſit,  quod uult Deus, q̃

1202.0 2544.0 797.0 76.0 intentos eſſe oporteat uerbo domini, quo

1204.0 2596.0 542.0 60.0 Dei uoluntas nobis exponitur.

197 2796 169 125 Fortuè

194.0 2879.0 96.0 114.0 dde¬

1286.0 2644.0 602.0 69.0 ENARRATIO SECTE: IE.

1204.0 2701.0 768.0 85.0 Moneo nam ex munere meo.

1411 2766 363 66 EXPOSITIO.

1236.0 2811.0 773.0 71.0 Priori ſectione exuit nos nobis, quia in no¬

1188.0 2857.0 821.0 88.0 bis nihilboni, adduxitſt & iunxi Deo, fonti

1831.0 2920.0 177.0 82.0 omnis
