2147 3230
152 170 797 70 nobis ſunt, extinguere, omnimodam ſancti¬

159.0 222.0 776.0 57.0 moniam meditari, ſpiritũ iuſtitię in omnibus

156.0 274.0 779.0 54.0 ſequi ſed quæ illic de his diſſeruit, eo retulit, ut

157 317 772 56 oſtendens hos fidei in Chriſtũ Dominũ pro¬

154.0 357.0 779.0 68.0 prios effectus eſſe, hoc clarius euinceret, ſola

156 403 779 65 nos fidein Chriſtum miſericordiæ Dei ſolide

157.0 453.0 776.0 62.0 compotes fieri. namcum ea ſola tantã affert

156.0 493.0 773.0 65.0 cõmunionẽ diuinitatis, uerã iuſtitiã, primum

154.0 541.0 775.0 58.0 & maximũ documentũ ſempiternæ & ſum¬

157.0 586.0 776.0 60.0 mæ beneuolentiæ Dei, quã nulla alia reulli

154.0 635.0 775.0 57.0 un homines obtinere potuerunt, ex eo ipſo

150.0 678.0 778.0 63.0 certe luculentiſſime cognoſcit, fidem in Chri¬

156.0 726.0 770.0 56.0 ſtum id eſſe, quo hanc beneuolentiã Dei pri¬

157.0 769.0 767.0 60.0 mo & certiſſime percipimus, penitus q́ poſſi

156 816 773 66 demus. Hoc aũt loco explicat Apoſtolus 

154.0 870.0 775.0 55.0 nos degere uitã oporteat, quibus ſtudere mo

156.0 906.0 770.0 55.0 ribus, non ut inde oſtendat quid ualeat, no¬

156.0 952.0 775.0 61.0 bis adferat fides, ſed ut exciter impellar́

156.0 997.0 768.0 56.0 ad hanc ipſam uitam, hoſce mores arripien¬

154.0 1042.0 759.0 61.0 dos, & in cam toto pectore incumbendum.

429 91 996 90 D. PAVLI AD ROMANOS GAPA XII.

989.0 206.0 743.0 34.0 seno redit adcomcidandam caritatem,

965.0 220.0 770.0 65.0 à qua uera officioſitas per omnia pendet, do¬

962.0 274.0 508.0 59.0 cer ea legem totam impleri.

1003.0 315.0 732.0 58.0 Septimo quaſi concludens, hortatur ab

962.0 364.0 773.0 55.0 amplitudine ſalutis factę per Chriſtum, ad re¬

962.0 410.0 772.0 54.0 primendum continuo prauas carnis cupidi¬

963.0 450.0 772.0 61.0 tates, & ad excindendum, quæ ex illis perpe¬

965.0 502.0 770.0 59.0 tuo ſubnaſcuntur uitia, cum ea quibus uita

963.0 547.0 772.0 61.0 noſtra contaminat, tum quibus dilectio fra¬

963.0 590.0 771.0 57.0 trum oblæditur & impeditur, deni ad inten

965.0 635.0 770.0 70.0 dendum ſtudium omne, ut uitam Chriſtiex¬

963.0 683.0 343.0 68.0 primamus totam.

199.0 1092.0 732.0 61.0 Primum ergo, ut in prȩfatione huius libri

156.0 1139.0 775.0 54.0 diximus, hortatur, ut nos fonti omnis iuſtitiç

157.0 1182.0 774.0 61.0 Deo offeramus, & accõmodemus, per ſolidã

156.0 1232.0 773.0 49.0 noſtri in placita eius conſecrationem & addi¬

157.0 1272.0 772.0 61.0 ctionem. Nemo ſiquidẽ bonus niſi Deus, in¬

161.0 1322.0 765.0 50.0 de nihil recte bene́ facere poſſumus, niſi qd'

163.0 1369.0 766.0 53.0 Deus ipſe fecerit in nobis. Eum ita in nobis

161.0 1414.0 772.0 55.0 uiuere, non nos ipſos, oportet. Iduero eo pri

157.0 1462.0 774.0 54.0 mum conſequimur, dum ſpiritu patris cœle¬

157.0 1501.0 774.0 56.0 ſtis rectum in nobis format iudiciũ, id eſt, ad¬

157.0 1541.0 772.0 63.0 probatio placiti Dei. Iſtuc agit ſect. 1. cap.xij.

1057.0 730.0 583.0 88.0 ENARRATIO CAP. XII.

969.0 785.0 481.0 97.0 Adhortor ergo uos.

1003.0 891.0 732.0 78.0 Fingere hic mores Chriſtiano dignos inſu

965.0 956.0 769.0 65.0 cuit Apoſtolus, uti diximus, huius caput eſt,

962.0 1003.0 772.0 57.0 recto iudicio omnẽ actionem uitæ inſtituere.

967.0 1040.0 770.0 63.0 Primum ita omniũ iudiciũ format, quod

963.0 1096.0 772.0 54.0 tum uerum certum habet̃, cum probamus

963.0 1139.0 774.0 54.0 & agenda iudicamus, quæ probat & præci¬

967.0 1187.0 772.0 58.0 pit Deus, improbamus & uitanda inuita ſta¬

965.0 1227.0 772.0 63.0 tuimus, quæ improbat & prohibet Deus.

965.0 1275.0 776.0 54.0 Iſtuc porrò iudicij cum à peccato primorum

965.0 1322.0 776.0 54.0 parentum perditum & euerſum ſit, nec poſſit

965.0 1367.0 772.0 54.0 ulli mortalium reſtitui, niſi per adflatum ſpi¬

963.0 1415.0 774.0 56.0 ritus Chriſti, nos quidem totos, primum au¬

963.0 1457.0 776.0 59.0 tem mẽtem rationem́ omnem in nobis in¬

967.0 1503.0 770.0 52.0 nouantis, hortat̃ Apoſtolus ut ad pcipiendũ

965.0 1552.0 772.0 55.0 hunc adflatum ſpiritus, & mentis noſtræ in¬

965 1598 774 54 nouationem, totos nos Deo conſecremus:

965.0 1640.0 774.0 57.0 Nam ſpiritus hiceos modo adflat, qui ſeſe to

962.0 1684.0 777.0 53.0 tos permittunt & addicunt Deo, qui norunt

963.0 1731.0 778.0 58.0 à ſe nihil boni, nihil recti uideri aut inſtitui

969.0 1778.0 768.0 55.0 poſſe, eop doceri regi uolunt à Deo. Do¬

969.0 1815.0 768.0 60.0 ctos enim Deus docere non uult, nec dirige¬

965.0 1864.0 361.0 57.0 re, qui ipſi ſe regunt.

1165 868 366 61 EXPOSITIO.

208.0 1589.0 725.0 61.0 Mox hortatur ut nos ſanctis rite uniamus

159.0 1638.0 774.0 63.0 & ſubijciamus, utq partim hi ſint, per quos

161.0 1681.0 767.0 61.0 Deus ſtatuit nos docere & agere, partim ij,

161.0 1724.0 770.0 57.0 quibus per nos Deus ſalutem ſuam admini¬

161.0 1771.0 770.0 64.0 ſtrare decreuerit. Hoc tractat ſect. ȩiuſdem ca¬

163.0 1824.0 765.0 49.0 pitis. 2. docens ut membra inuicem ſumus,

163.0 1859.0 772.0 61.0 qui Chriſto credimus, & quiſ ſuum munus

159.0 1903.0 770.0 67.0 ſuam́ facultatem habet alios in domino in¬

163.0 1963.0 770.0 53.0 ſtaurãdi, tum, prȩopua munera Ecclelię enu¬

163.0 1995.0 569.0 61.0 merat, eorumq; officia deſcribit.

1642.0 96.0 93.0 103.0 417

213.0 2042.0 722.0 62.0 Tertio memorat & cõmendat ea, quibus

159.0 2085.0 776.0 68.0 pręſtandi ſanctis officij plena uoluntas eiſtit

161.0 2142.0 774.0 56.0 & perſeuerat. Hæcſunt, germana dilectio, iu

161.0 2187.0 774.0 54.0 ſtus amor benefaciẽdi, in fratres affectus pro¬

161.0 2225.0 770.0 62.0 penſus & reuerẽtia, agendi aſſiduitas, ſeruor,

161.0 2269.0 770.0 63.0 diligentia, gaudium ex bonis ſperatis, con¬

161.0 2327.0 772.0 56.0 temptus malorum prȩſentium, inſtantia pre

161.0 2359.0 535.0 68.0 cum. Ad hæc hortatur Secti.3.

1005.0 1911.0 736.0 55.0 Propoſitio ita eſt. Siſtiteuos Deo, ad ple

965.0 1963.0 770.0 52.0 nam immutationem hominis externi, quem

967.0 2000.0 768.0 61.0 Apoſtolus & aliàs corpus uocat, nonnunq

963.0 2047.0 774.0 50.0 corpus peccati. Dicit igitur, Siſtire corpora

963.0 2088.0 774.0 58.0 ueſtra, intelligit autem totum hominem, ur à

967.0 2131.0 770.0 63.0 natura eſt, qui nimirum neceſſe habet occidi

967.0 2185.0 768.0 58.0 mactari́, ut uita Dei in eo locũ habeat. Id

967.0 2223.0 765.0 64.0 mortificari, ſed ad uerum conſortium uitæ,

967.0 2266.0 768.0 64.0 eſt ſignificatum in uerbo παςᾶσαι. Hanc

965.0 2314.0 765.0 67.0 propoſitionem duabus primarijs rationibꝰ

967.0 2366.0 768.0 51.0 probat, utraq; ducta ab eo, quod homi¬

960.0 2409.0 775.0 54.0 nes religioſi præcipue expetunt. Prior enim

963.0 2449.0 771.0 66.0 ducitur à cultu Dei, altera à facultate recteiu¬

965.0 2499.0 772.0 61.0 dicandi, uitam́ omnem bene & fœlititer in¬

963.0 2540.0 184.0 74.0 ſtiruendi.

206.0 2404.0 734.0 65.0 Quarto hortatur ad officium erga eos qui

159.0 2458.0 776.0 52.0 extra eccleſiam ſunt, & qui etiã hoſtes. Quo

161.0 2496.0 776.0 64.0 officioſi ſimus in hoſtes, auocat à uindicta in

159.0 2549.0 778.0 51.0 iuriæ, ut in reliquos, commendat humanita¬

163.0 2587.0 772.0 63.0 rem, eamq; ex ueris effectibus eius deſcribit.

161.0 2630.0 352.0 70.0 Iſta inſunt Secti.4.

206.0 2677.0 736.0 59.0 Quinto incitat ad ueram obedientiã præ¬

159.0 2718.0 778.0 68.0 ſtandam Principibus & Magiſtratibus, e

163.0 2774.0 775.0 63.0 ponens præcipuam utilitatem cum poteſtatis

161 2818 776 72 publicæ, tum obedientiæ huic præſtandæ. Id

163.0 2862.0 334.0 82.0 agit Secti...cap.i3.

1008.0 2584.0 729.0 61.0 Prior ergo ratio ſicformatur. Quid puta¬

967.0 2632.0 770.0 61.0 tis uobis fratres, qui nũcgloriamini parrem

958.0 2671.0 779.0 72.0 cœleſtem uobis per Chriſtum dominum re¬

962.0 2722.0 775.0 64.0 conciliatũ, certam cõmunionem uitæ æter¬

961 2758 773 79 næ, &x ſumma eius miſerarione donatam, in

961 2810 776 72 cota hac uita præcipue ſtudendum? Nunquid

967.0 2856.0 770.0 86.0 ut Deo in uos tam infinite benigno gratifice¬

1454 2903 278 73 R3 mini,
