<?xml version="1.0" encoding="UTF-8"?>
<alto xmlns:xsi="http://www.w3.org/2001/XMLSchema-instance"
      xmlns="http://www.loc.gov/standards/alto/ns-v4#"
      xsi:schemaLocation="http://www.loc.gov/standards/alto/ns-v4# http://www.loc.gov/standards/alto/v4/alto-4-2.xsd">
  <Description>
    <MeasurementUnit>pixel</MeasurementUnit>
    <sourceImageInformation>
      <fileName>bsb10313792_00474.jpg</fileName>
    </sourceImageInformation>
  </Description>
  <Tags>
    <OtherTag ID="BT7" LABEL="CustomZone" DESCRIPTION="block type CustomZone"/><OtherTag ID="BT8" LABEL="DamageZone" DESCRIPTION="block type DamageZone"/><OtherTag ID="BT9" LABEL="DigitizationArtefactZone" DESCRIPTION="block type DigitizationArtefactZone"/><OtherTag ID="BT10" LABEL="DropCapitalZone" DESCRIPTION="block type DropCapitalZone"/><OtherTag ID="BT11" LABEL="GraphicZone" DESCRIPTION="block type GraphicZone"/><OtherTag ID="BT12" LABEL="MainZone" DESCRIPTION="block type MainZone"/><OtherTag ID="BT13" LABEL="MarginTextZone" DESCRIPTION="block type MarginTextZone"/><OtherTag ID="BT14" LABEL="MusicZone" DESCRIPTION="block type MusicZone"/><OtherTag ID="BT15" LABEL="NumberingZone" DESCRIPTION="block type NumberingZone"/><OtherTag ID="BT17" LABEL="QuireMarksZone" DESCRIPTION="block type QuireMarksZone"/><OtherTag ID="BT18" LABEL="RunningTitleZone" DESCRIPTION="block type RunningTitleZone"/><OtherTag ID="BT19" LABEL="SealZone" DESCRIPTION="block type SealZone"/><OtherTag ID="BT20" LABEL="StampZone" DESCRIPTION="block type StampZone"/><OtherTag ID="BT21" LABEL="TableZone" DESCRIPTION="block type TableZone"/><OtherTag ID="BT22" LABEL="TitlePageZone" DESCRIPTION="block type TitlePageZone"/><OtherTag ID="BT1796" LABEL="MainZone-Head" DESCRIPTION="block type MainZone-Head"/><OtherTag ID="BT1797" LABEL="MainZone-P" DESCRIPTION="block type MainZone-P"/><OtherTag ID="BT1798" LABEL="MainZone-P-Continued" DESCRIPTION="block type MainZone-P-Continued"/><OtherTag ID="BT1799" LABEL="MarginTextZone-Notes" DESCRIPTION="block type MarginTextZone-Notes"/>
    <OtherTag ID="LT7" LABEL="CustomLine" DESCRIPTION="line type CustomLine"/><OtherTag ID="LT8" LABEL="DefaultLine" DESCRIPTION="line type DefaultLine"/><OtherTag ID="LT9" LABEL="DropCapitalLine" DESCRIPTION="line type DropCapitalLine"/><OtherTag ID="LT10" LABEL="HeadingLine" DESCRIPTION="line type HeadingLine"/><OtherTag ID="LT11" LABEL="InterlinearLine" DESCRIPTION="line type InterlinearLine"/><OtherTag ID="LT12" LABEL="MusicLine" DESCRIPTION="line type MusicLine"/>
  </Tags>
  <Layout>
    <Page WIDTH="2104"
          HEIGHT="3201"
          PHYSICAL_IMG_NR="8"
          ID="eSc_dummypage_">
      <PrintSpace HPOS="0"
                  VPOS="0"
                  WIDTH="2104"
                  HEIGHT="3201">
        <TextBlock HPOS="668.0"
                   VPOS="76.0"
                   WIDTH="1002.0"
                   HEIGHT="67.0"
                   ID="block_14"
                   TAGREFS="BT18">
          <Shape><Polygon POINTS="1670 76 1670 143 668 143 668 76"/></Shape>
          <TextLine ID="line_6"
                    TAGREFS="LT10"
                    BASELINE="688 131 1673 108" 
                    HPOS="686"
                    VPOS="46"
                    WIDTH="987"
                    HEIGHT="110">
            <Shape><Polygon POINTS="688 156 1671 128 1673 108 1664 49 1654 58 1618 51 1595 46 1593 46 1556 53 1502 62 1460 55 1451 55 1449 55 1447 55 1445 55 1445 56 1437 65 1321 65 1303 60 1285 55 1284 55 1282 55 1280 55 1264 62 1252 67 1239 62 1218 55 1216 55 1214 55 1212 55 1184 64 1170 69 1115 67 992 60 990 60 988 60 967 71 962 74 951 72 914 62 912 62 910 62 908 62 885 74 880 76 869 74 823 65 821 65 686 80 688 131"/></Shape>
	    <String CONTENT="ENARRATIONES EPISTOLAE"
                    HPOS="686"
                    VPOS="46"
                    WIDTH="987"
                    HEIGHT="110"
                    WC="0.9999670738523657"></String>
          </TextLine>
        </TextBlock>
        <TextBlock HPOS="381.0"
                   VPOS="108.0"
                   WIDTH="91.0"
                   HEIGHT="51.0"
                   ID="block_13"
                   TAGREFS="BT15">
          <Shape><Polygon POINTS="472 108 472 159 381 159 381 108"/></Shape>
          <TextLine ID="line_3"
                    TAGREFS="LT8"
                    BASELINE="378 136 485 131" 
                    HPOS="375.0"
                    VPOS="83.0"
                    WIDTH="110.0"
                    HEIGHT="85.0">
            <Shape><Polygon POINTS="378 136 378 160 409 168 410 168 412 168 485 154 485 131 481 87 375 83 378 136"/></Shape>
	    <String CONTENT="482"
                    HPOS="375.0"
                    VPOS="83.0"
                    WIDTH="110.0"
                    HEIGHT="85.0"
                    WC="0.9999626080195109"></String>
          </TextLine>
        </TextBlock>
        <TextBlock HPOS="383.0"
                   VPOS="157.0"
                   WIDTH="781.0"
                   HEIGHT="964.0"
                   ID="block_11"
                   TAGREFS="BT1798">
          <Shape><Polygon POINTS="1164 157 1164 1121 383 1121 383 157"/></Shape>
          <TextLine ID="line_7"
                    TAGREFS="LT8"
                    BASELINE="375 204 1170 184" 
                    HPOS="373.0"
                    VPOS="135.0"
                    WIDTH="797.0"
                    HEIGHT="89.0">
            <Shape><Polygon POINTS="835 188 818 192 800 192 782 192 764 192 746 192 729 192 711 192 693 192 675 188 672 163 627 144 626 144 624 144 513 145 480 147 478 147 476 147 441 168 410 156 409 156 407 156 405 156 373 170 375 204 375 224 1090 213 1170 200 1170 184 1166 154 1072 154 1015 135 1013 135 1011 135 899 136 898 136 843 158 835 188"/></Shape>
	    <String CONTENT="Cratylo dicit, &amp;θωφιεναμ, σύιτυ τὰνφρο"
                    HPOS="373.0"
                    VPOS="135.0"
                    WIDTH="797.0"
                    HEIGHT="89.0"
                    WC="0.9477759331464768"></String>
          </TextLine>
          <TextLine ID="line_8"
                    TAGREFS="LT8"
                    BASELINE="377 248 1154 231" 
                    HPOS="375.0"
                    VPOS="197.0"
                    WIDTH="779.0"
                    HEIGHT="67.0">
            <Shape><Polygon POINTS="377 248 377 264 1152 250 1154 231 1148 197 375 216 377 248"/></Shape>
	    <String CONTENT="vασιy, id eſt ſeruare prudentiã, uſurpant hæ"
                    HPOS="375.0"
                    VPOS="197.0"
                    WIDTH="779.0"
                    HEIGHT="67.0"
                    WC="0.9830895980199178"></String>
          </TextLine>
          <TextLine ID="line_9"
                    TAGREFS="LT8"
                    BASELINE="380 293 1156 277" 
                    HPOS="378.0"
                    VPOS="247.0"
                    WIDTH="778.0"
                    HEIGHT="60.0">
            <Shape><Polygon POINTS="1108 277 1090 277 1072 277 1054 277 1036 277 1019 277 1001 277 983 277 965 277 947 277 930 280 912 280 894 280 876 280 859 280 841 280 823 280 805 280 787 280 770 280 752 280 734 280 716 280 698 280 681 277 670 257 378 264 380 293 380 307 1156 291 1156 277 1150 247 1118 247 1108 277"/></Shape>
	    <String CONTENT="uoces ſæpe numero pro ea moderatione et cõ"
                    HPOS="378.0"
                    VPOS="247.0"
                    WIDTH="778.0"
                    HEIGHT="60.0"></String>
          </TextLine>
          <TextLine ID="line_10"
                    TAGREFS="LT8"
                    BASELINE="380 339 1157 321" 
                    HPOS="378.0"
                    VPOS="282.0"
                    WIDTH="779.0"
                    HEIGHT="77.0">
            <Shape><Polygon POINTS="380 339 380 359 1157 337 1157 321 1152 282 378 305 380 339"/></Shape>
	    <String CONTENT="ſtantia, qua in quibuſuis rebus id ſeruamus et"
                    HPOS="378.0"
                    VPOS="282.0"
                    WIDTH="779.0"
                    HEIGHT="77.0"
                    WC="0.9685152419235395"></String>
          </TextLine>
          <TextLine ID="line_11"
                    TAGREFS="LT8"
                    BASELINE="380 384 1157 369" 
                    HPOS="378.0"
                    VPOS="339.0"
                    WIDTH="779.0"
                    HEIGHT="68.0">
            <Shape><Polygon POINTS="380 384 380 398 441 407 442 407 487 398 492 398 499 398 570 405 572 407 572 405 652 396 684 394 1157 394 1157 369 1154 339 572 339 570 339 378 352 380 384"/></Shape>
	    <String CONTENT="tuemur, quod dictat recta ratio, quod iubet"
                    HPOS="378.0"
                    VPOS="339.0"
                    WIDTH="779.0"
                    HEIGHT="68.0"
                    WC="0.9797975310059481"></String>
          </TextLine>
          <TextLine ID="line_12"
                    TAGREFS="LT8"
                    BASELINE="382 425 1156 414" 
                    HPOS="380.0"
                    VPOS="384.0"
                    WIDTH="776.0"
                    HEIGHT="57.0">
            <Shape><Polygon POINTS="382 425 382 441 1156 430 1156 414 1152 384 672 384 670 384 510 394 503 394 499 394 449 387 448 387 380 396 382 425"/></Shape>
	    <String CONTENT="uera prudentia. Hinc Plato memorat in Ti¬"
                    HPOS="380.0"
                    VPOS="384.0"
                    WIDTH="776.0"
                    HEIGHT="57.0"
                    WC="0.9793057921456128"></String>
          </TextLine>
          <TextLine ID="line_13"
                    TAGREFS="LT8"
                    BASELINE="384 474 1152 464" 
                    HPOS="382.0"
                    VPOS="423.0"
                    WIDTH="770.0"
                    HEIGHT="74.0">
            <Shape><Polygon POINTS="384 474 384 497 608 485 647 490 663 492 665 492 666 492 668 492 670 490 681 483 778 487 892 490 894 490 896 490 898 490 907 483 912 480 939 481 1017 489 1019 489 1020 489 1022 489 1022 487 1024 487 1029 480 1031 478 1043 478 1136 487 1138 487 1140 487 1141 487 1152 476 1152 464 1147 425 969 432 951 428 924 423 923 423 921 423 919 423 919 425 914 430 910 433 830 433 812 432 766 425 764 425 762 425 736 433 727 435 722 433 697 426 695 426 693 426 634 435 622 437 611 435 563 428 562 428 382 441 384 474"/></Shape>
	    <String CONTENT="mæo, olim ręcte dici ſolitum, κ̀ πράττdυ,"
                    HPOS="382.0"
                    VPOS="423.0"
                    WIDTH="770.0"
                    HEIGHT="74.0"
                    WC="0.9807102860406388"></String>
          </TextLine>
          <TextLine ID="line_14"
                    TAGREFS="LT8"
                    BASELINE="385 517 1157 505" 
                    HPOS="384.0"
                    VPOS="467.0"
                    WIDTH="773.0"
                    HEIGHT="77.0">
            <Shape><Polygon POINTS="385 517 385 537 396 544 398 544 400 544 401 544 716 529 823 538 825 538 827 538 866 528 1043 535 1045 535 1157 521 1157 505 1152 467 896 478 866 474 837 471 835 471 834 471 832 471 827 476 819 480 709 478 503 476 501 476 384 487 385 517"/></Shape>
	    <String CONTENT="κει γνωναι τάτε ἀυτο͂, κι ἐαυτόμ, σώφρονι"
                    HPOS="384.0"
                    VPOS="467.0"
                    WIDTH="773.0"
                    HEIGHT="77.0"
                    WC="0.9772607373154681"></String>
          </TextLine>
          <TextLine ID="line_15"
                    TAGREFS="LT8"
                    BASELINE="387 565 1156 551" 
                    HPOS="385.0"
                    VPOS="519.0"
                    WIDTH="771.0"
                    HEIGHT="71.0">
            <Shape><Polygon POINTS="387 565 387 590 471 588 473 588 474 588 485 579 665 581 768 583 770 583 771 583 787 577 802 574 857 576 960 579 962 579 1156 565 1156 551 1152 521 770 519 768 519 385 535 387 565"/></Shape>
	    <String CONTENT="μόνω προσήκεν, ideſt, Solũ σωφρονι com¬"
                    HPOS="385.0"
                    VPOS="519.0"
                    WIDTH="771.0"
                    HEIGHT="71.0"
                    WC="0.9620189638364882"></String>
          </TextLine>
          <TextLine ID="line_16"
                    TAGREFS="LT8"
                    BASELINE="387 609 1157 599" 
                    HPOS="385.0"
                    VPOS="560.0"
                    WIDTH="772.0"
                    HEIGHT="65.0">
            <Shape><Polygon POINTS="387 609 387 625 1156 615 1157 599 1154 569 898 560 896 560 894 560 876 569 823 561 821 561 743 572 711 563 709 563 707 563 599 574 579 565 578 565 576 565 385 577 387 609"/></Shape>
	    <String CONTENT="petere, agere &amp; noſſe quę ſua ſunt &amp; ſeipſum."
                    HPOS="385.0"
                    VPOS="560.0"
                    WIDTH="772.0"
                    HEIGHT="65.0"
                    WC="0.9901365171308103"></String>
          </TextLine>
          <TextLine ID="line_17"
                    TAGREFS="LT8"
                    BASELINE="389 657 1159 641" 
                    HPOS="387.0"
                    VPOS="608.0"
                    WIDTH="772.0"
                    HEIGHT="64.0">
            <Shape><Polygon POINTS="389 657 389 672 1159 657 1159 641 1154 608 812 617 807 617 787 609 786 609 784 609 732 618 723 618 716 618 652 611 650 611 558 622 554 622 553 622 510 615 508 615 506 615 469 624 425 617 423 617 421 617 387 625 389 657"/></Shape>
	    <String CONTENT="Idem diſputat de hacuirtute &amp; in Charmide."
                    HPOS="387.0"
                    VPOS="608.0"
                    WIDTH="772.0"
                    HEIGHT="64.0"
                    WC="0.9932746035712106"></String>
          </TextLine>
          <TextLine ID="line_18"
                    TAGREFS="LT8"
                    BASELINE="387 704 1159 688" 
                    HPOS="385.0"
                    VPOS="650.0"
                    WIDTH="774.0"
                    HEIGHT="75.0">
            <Shape><Polygon POINTS="387 704 387 725 1157 705 1159 688 1154 650 467 670 385 663 387 704"/></Shape>
	    <String CONTENT="Iam certum eſt, Apoſtolum hic unum hoc"
                    HPOS="385.0"
                    VPOS="650.0"
                    WIDTH="774.0"
                    HEIGHT="75.0"
                    WC="0.9982788970595912"></String>
          </TextLine>
          <TextLine ID="line_19"
                    TAGREFS="LT8"
                    BASELINE="391 748 1152 736" 
                    HPOS="389.0"
                    VPOS="695.0"
                    WIDTH="763.0"
                    HEIGHT="69.0">
            <Shape><Polygon POINTS="391 748 391 764 1150 752 1152 736 1150 705 1111 695 1109 695 1108 695 901 707 823 698 821 698 819 698 789 709 610 702 608 702 606 702 604 702 604 704 602 704 595 713 428 707 426 707 425 707 389 716 391 748"/></Shape>
	    <String CONTENT="præcipere, ut quiſ noſcat agat́ res ſuas,"
                    HPOS="389.0"
                    VPOS="695.0"
                    WIDTH="763.0"
                    HEIGHT="69.0"
                    WC="0.99404743660328"></String>
          </TextLine>
          <TextLine ID="line_20"
                    TAGREFS="LT8"
                    BASELINE="389 794 1157 778" 
                    HPOS="387.0"
                    VPOS="738.0"
                    WIDTH="770.0"
                    HEIGHT="74.0">
            <Shape><Polygon POINTS="389 794 389 812 1157 793 1157 778 1148 738 1136 746 1093 739 1088 739 1086 739 1072 739 981 750 940 743 931 743 930 743 907 745 811 754 762 748 745 746 743 746 741 746 736 748 722 757 387 757 389 794"/></Shape>
	    <String CONTENT="hoc eſt, ſuæ intendat inſeruiar́ uocationi. In¬"
                    HPOS="387.0"
                    VPOS="738.0"
                    WIDTH="770.0"
                    HEIGHT="74.0"
                    WC="0.9838110730051994"></String>
          </TextLine>
          <TextLine ID="line_21"
                    TAGREFS="LT8"
                    BASELINE="389 839 1164 823" 
                    HPOS="387.0"
                    VPOS="789.0"
                    WIDTH="777.0"
                    HEIGHT="66.0">
            <Shape><Polygon POINTS="389 839 389 853 809 855 811 855 990 841 1076 850 1077 850 1150 848 1152 848 1154 848 1164 837 1164 823 1159 789 439 805 410 798 409 798 407 798 405 798 387 805 389 839"/></Shape>
	    <String CONTENT="dubie ergo Paulo hic qρονο͂ρ ἐς τὸ σώφρο¬"
                    HPOS="387.0"
                    VPOS="789.0"
                    WIDTH="777.0"
                    HEIGHT="66.0"
                    WC="0.9744862494143572"></String>
          </TextLine>
          <TextLine ID="line_22"
                    TAGREFS="LT8"
                    BASELINE="391 882 1164 871" 
                    HPOS="389.0"
                    VPOS="834.0"
                    WIDTH="775.0"
                    HEIGHT="65.0">
            <Shape><Polygon POINTS="391 882 391 899 1164 894 1164 871 1159 834 1027 842 905 839 816 837 814 837 791 842 771 846 734 844 668 839 666 839 665 839 649 846 643 848 597 848 437 842 435 842 389 851 391 882"/></Shape>
	    <String CONTENT="veïp eſt, animum curam́ &amp; ſtudiũ omne ſic"
                    HPOS="389.0"
                    VPOS="834.0"
                    WIDTH="775.0"
                    HEIGHT="65.0"
                    WC="0.9993028274991296"></String>
          </TextLine>
          <TextLine ID="line_23"
                    TAGREFS="LT8"
                    BASELINE="391 930 1161 914" 
                    HPOS="389.0"
                    VPOS="882.0"
                    WIDTH="772.0"
                    HEIGHT="65.0">
            <Shape><Polygon POINTS="391 930 391 947 1161 937 1161 914 1156 882 389 894 391 930"/></Shape>
	    <String CONTENT="inſtituere, hoceſt, ſic ſapere, hoc ſpirare, ut in¬"
                    HPOS="389.0"
                    VPOS="882.0"
                    WIDTH="772.0"
                    HEIGHT="65.0"
                    WC="0.9893128871917725"></String>
          </TextLine>
          <TextLine ID="line_24"
                    TAGREFS="LT8"
                    BASELINE="393 974 1163 962" 
                    HPOS="391.0"
                    VPOS="928.0"
                    WIDTH="772.0"
                    HEIGHT="62.0">
            <Shape><Polygon POINTS="393 974 393 990 1161 978 1163 962 1157 928 698 937 691 937 611 930 610 930 501 940 499 940 497 940 423 933 421 933 419 933 391 942 393 974"/></Shape>
	    <String CONTENT="telligamus &amp; agamus in omnibus, id quod"
                    HPOS="391.0"
                    VPOS="928.0"
                    WIDTH="772.0"
                    HEIGHT="62.0"
                    WC="0.9963807891576718"></String>
          </TextLine>
          <TextLine ID="line_25"
                    TAGREFS="LT8"
                    BASELINE="393 1020 1164 1006" 
                    HPOS="391.0"
                    VPOS="969.0"
                    WIDTH="773.0"
                    HEIGHT="71.0">
            <Shape><Polygon POINTS="393 1020 393 1040 1163 1029 1164 1006 1159 969 391 986 393 1020"/></Shape>
	    <String CONTENT="nobis Dominus proprie iniunxit. Inde mox"
                    HPOS="391.0"
                    VPOS="969.0"
                    WIDTH="773.0"
                    HEIGHT="71.0"
                    WC="0.9948823750019073"></String>
          </TextLine>
          <TextLine ID="line_26"
                    TAGREFS="LT8"
                    BASELINE="394 1065 1163 1054" 
                    HPOS="393.0"
                    VPOS="1020.0"
                    WIDTH="770.0"
                    HEIGHT="66.0">
            <Shape><Polygon POINTS="394 1065 394 1081 775 1086 777 1086 914 1075 1143 1081 1145 1081 1147 1081 1148 1081 1163 1072 1163 1054 1159 1022 538 1020 537 1020 393 1031 394 1065"/></Shape>
	    <String CONTENT="de diſtributa ſingulis propria fidei menſura"
                    HPOS="393.0"
                    VPOS="1020.0"
                    WIDTH="770.0"
                    HEIGHT="66.0"
                    WC="0.9842727428132837"></String>
          </TextLine>
          <TextLine ID="line_27"
                    TAGREFS="LT8"
                    BASELINE="394 1111 553 1107" 
                    HPOS="393.0"
                    VPOS="1067.0"
                    WIDTH="160.0"
                    HEIGHT="58.0">
            <Shape><Polygon POINTS="394 1111 394 1125 551 1125 553 1107 549 1075 481 1067 480 1067 393 1077 394 1111"/></Shape>
	    <String CONTENT="ſubijcit."
                    HPOS="393.0"
                    VPOS="1067.0"
                    WIDTH="160.0"
                    HEIGHT="58.0"
                    WC="0.9993003209431967"></String>
          </TextLine>
        </TextBlock>
        <TextBlock HPOS="397.0"
                   VPOS="1122.0"
                   WIDTH="772.0"
                   HEIGHT="821.0"
                   ID="block_10"
                   TAGREFS="BT1797">
          <Shape><Polygon POINTS="1163 1122 1169 1928 397 1943 397 1122"/></Shape>
          <TextLine ID="line_29"
                    TAGREFS="LT8"
                    BASELINE="425 1159 1168 1145" 
                    HPOS="423.0"
                    VPOS="1097.0"
                    WIDTH="745.0"
                    HEIGHT="74.0">
            <Shape><Polygon POINTS="457 1111 455 1111 423 1120 425 1159 425 1171 1168 1159 1168 1145 1164 1104 1074 1097 1072 1097 1070 1097 1052 1106 1045 1109 1040 1106 1024 1099 1022 1099 1020 1099 1019 1099 999 1107 994 1109 983 1107 946 1100 944 1100 942 1100 919 1109 912 1111 889 1109 795 1102 793 1102 718 1115 700 1116 686 1115 629 1106 627 1106 626 1106 597 1116 592 1118 585 1116 549 1111 547 1111 481 1120 474 1120 462 1111 460 1111 458 1111 457 1111"/></Shape>
	    <String CONTENT="Prout cui Deus. ] Fidẽ Apoſtolus ſæpe"
                    HPOS="423.0"
                    VPOS="1097.0"
                    WIDTH="745.0"
                    HEIGHT="74.0"
                    WC="0.9919751546321771"></String>
          </TextLine>
          <TextLine ID="line_30"
                    TAGREFS="LT8"
                    BASELINE="398 1202 1164 1187" 
                    HPOS="396.0"
                    VPOS="1150.0"
                    WIDTH="768.0"
                    HEIGHT="73.0">
            <Shape><Polygon POINTS="875 1152 873 1152 871 1152 859 1163 857 1163 851 1163 718 1155 716 1155 626 1166 595 1157 594 1157 592 1157 590 1157 569 1168 407 1161 405 1161 403 1161 401 1161 401 1163 396 1166 398 1202 398 1223 1164 1203 1164 1187 1161 1157 974 1150 972 1150 917 1161 878 1152 876 1152 875 1152"/></Shape>
	    <String CONTENT="pro tota religione &amp; noua uita accipit, quam"
                    HPOS="396.0"
                    VPOS="1150.0"
                    WIDTH="768.0"
                    HEIGHT="73.0"
                    WC="0.9858412241393869"></String>
          </TextLine>
          <TextLine ID="line_31"
                    TAGREFS="LT8"
                    BASELINE="398 1246 1166 1234" 
                    HPOS="396.0"
                    VPOS="1200.0"
                    WIDTH="770.0"
                    HEIGHT="64.0">
            <Shape><Polygon POINTS="398 1246 398 1264 1164 1257 1166 1234 1163 1202 729 1200 727 1200 618 1211 613 1211 610 1211 510 1203 508 1203 396 1214 398 1246"/></Shape>
	    <String CONTENT="fide uiuimus. Sic fidei hic menſurã dicit, por¬"
                    HPOS="396.0"
                    VPOS="1200.0"
                    WIDTH="770.0"
                    HEIGHT="64.0"
                    WC="0.9814054494102796"></String>
          </TextLine>
          <TextLine ID="line_32"
                    TAGREFS="LT8"
                    BASELINE="396 1292 1166 1280" 
                    HPOS="394.0"
                    VPOS="1246.0"
                    WIDTH="772.0"
                    HEIGHT="62.0">
            <Shape><Polygon POINTS="396 1292 396 1308 1164 1303 1166 1280 1161 1246 474 1260 394 1253 396 1292"/></Shape>
	    <String CONTENT="tionem uitæ nouæ, uitæ ſpiritualis, facultatis"
                    HPOS="394.0"
                    VPOS="1246.0"
                    WIDTH="772.0"
                    HEIGHT="62.0"
                    WC="0.9866814911365509"></String>
          </TextLine>
          <TextLine ID="line_33"
                    TAGREFS="LT8"
                    BASELINE="396 1337 1166 1324" 
                    HPOS="394.0"
                    VPOS="1289.0"
                    WIDTH="772.0"
                    HEIGHT="66.0">
            <Shape><Polygon POINTS="396 1337 396 1355 1164 1347 1166 1324 1163 1294 848 1289 846 1289 844 1289 843 1289 828 1298 521 1294 519 1294 394 1305 396 1337"/></Shape>
	    <String CONTENT="uiuendi &amp; agendi exfide. Alioqui fides, ur ſu"
                    HPOS="394.0"
                    VPOS="1289.0"
                    WIDTH="772.0"
                    HEIGHT="66.0"
                    WC="0.9853457649548848"></String>
          </TextLine>
          <TextLine ID="line_34"
                    TAGREFS="LT8"
                    BASELINE="396 1385 1170 1371" 
                    HPOS="394.0"
                    VPOS="1333.0"
                    WIDTH="776.0"
                    HEIGHT="68.0">
            <Shape><Polygon POINTS="396 1385 396 1401 1170 1392 1170 1371 1164 1333 560 1349 556 1349 492 1342 490 1342 489 1342 467 1351 414 1344 412 1344 410 1344 394 1351 396 1385"/></Shape>
	    <String CONTENT="pra ſæpe dictum, ſi præciſe eam intelligas, eſt"
                    HPOS="394.0"
                    VPOS="1333.0"
                    WIDTH="776.0"
                    HEIGHT="68.0"
                    WC="0.9888622887591099"></String>
          </TextLine>
          <TextLine ID="line_35"
                    TAGREFS="LT8"
                    BASELINE="396 1428 1166 1413" 
                    HPOS="394.0"
                    VPOS="1385.0"
                    WIDTH="772.0"
                    HEIGHT="64.0">
            <Shape><Polygon POINTS="396 1428 396 1449 1166 1428 1166 1413 1163 1385 586 1385 585 1385 394 1397 396 1428"/></Shape>
	    <String CONTENT="perſuaſio &amp; certus aſſenſus Euangelij Domi¬"
                    HPOS="394.0"
                    VPOS="1385.0"
                    WIDTH="772.0"
                    HEIGHT="64.0"
                    WC="0.9988187759421593"></String>
          </TextLine>
          <TextLine ID="line_36"
                    TAGREFS="LT8"
                    BASELINE="398 1472 1172 1461" 
                    HPOS="396.0"
                    VPOS="1428.0"
                    WIDTH="776.0"
                    HEIGHT="67.0">
            <Shape><Polygon POINTS="398 1472 398 1495 1170 1477 1172 1461 1168 1431 656 1428 654 1428 396 1440 398 1472"/></Shape>
	    <String CONTENT="ni noſtri Ieſu Chriſti, ex qua ſtatim naſcitur fi"
                    HPOS="396.0"
                    VPOS="1428.0"
                    WIDTH="776.0"
                    HEIGHT="67.0"
                    WC="0.9833032136060753"></String>
          </TextLine>
          <TextLine ID="line_37"
                    TAGREFS="LT8"
                    BASELINE="398 1520 1168 1508" 
                    HPOS="396.0"
                    VPOS="1467.0"
                    WIDTH="772.0"
                    HEIGHT="71.0">
            <Shape><Polygon POINTS="398 1520 398 1538 1166 1524 1168 1508 1164 1476 1060 1467 1058 1467 1056 1467 1054 1467 1054 1468 1052 1468 1047 1476 1042 1476 617 1474 615 1474 396 1484 398 1520"/></Shape>
	    <String CONTENT="ducia in Chriſtum, &amp; uerus cultus, inde́ in"
                    HPOS="396.0"
                    VPOS="1467.0"
                    WIDTH="772.0"
                    HEIGHT="71.0"
                    WC="0.9831090325658972"></String>
          </TextLine>
          <TextLine ID="line_38"
                    TAGREFS="LT8"
                    BASELINE="398 1564 1168 1552" 
                    HPOS="396.0"
                    VPOS="1513.0"
                    WIDTH="772.0"
                    HEIGHT="75.0">
            <Shape><Polygon POINTS="398 1564 398 1588 1166 1568 1168 1552 1163 1513 396 1524 398 1564"/></Shape>
	    <String CONTENT="proximos amor, &amp; officia omnia. In hocue¬"
                    HPOS="396.0"
                    VPOS="1513.0"
                    WIDTH="772.0"
                    HEIGHT="75.0"
                    WC="0.9755054973974461"></String>
          </TextLine>
          <TextLine ID="line_39"
                    TAGREFS="LT8"
                    BASELINE="400 1607 1170 1598" 
                    HPOS="398.0"
                    VPOS="1559.0"
                    WIDTH="772.0"
                    HEIGHT="73.0">
            <Shape><Polygon POINTS="400 1607 400 1632 451 1623 634 1627 704 1628 706 1628 707 1628 714 1625 727 1620 800 1623 859 1627 860 1627 1168 1614 1170 1598 1163 1559 1127 1568 1051 1561 1019 1559 1017 1559 1015 1559 1013 1559 1013 1561 1011 1563 1004 1568 965 1563 937 1561 935 1561 907 1564 876 1570 869 1566 864 1561 862 1561 860 1561 859 1561 857 1561 832 1566 811 1572 777 1568 722 1563 720 1563 581 1573 549 1575 533 1575 444 1566 442 1566 441 1566 398 1577 400 1607"/></Shape>
	    <String CONTENT="ro dictum perurgens argumentum eſt, quod"
                    HPOS="398.0"
                    VPOS="1559.0"
                    WIDTH="772.0"
                    HEIGHT="73.0"
                    WC="0.9992075368762017"></String>
          </TextLine>
          <TextLine ID="line_40"
                    TAGREFS="LT8"
                    BASELINE="398 1655 1172 1644" 
                    HPOS="396.0"
                    VPOS="1605.0"
                    WIDTH="776.0"
                    HEIGHT="63.0">
            <Shape><Polygon POINTS="398 1655 398 1668 1170 1659 1172 1644 1166 1605 396 1621 398 1655"/></Shape>
	    <String CONTENT="nos intra noſtram uocationem contineat, &amp;"
                    HPOS="396.0"
                    VPOS="1605.0"
                    WIDTH="776.0"
                    HEIGHT="63.0"
                    WC="0.9780645385021116"></String>
          </TextLine>
          <TextLine ID="line_41"
                    TAGREFS="LT8"
                    BASELINE="401 1700 1172 1687" 
                    HPOS="400.0"
                    VPOS="1655.0"
                    WIDTH="772.0"
                    HEIGHT="59.0">
            <Shape><Polygon POINTS="401 1700 401 1714 1172 1703 1172 1687 1168 1659 622 1655 620 1655 400 1669 401 1700"/></Shape>
	    <String CONTENT="conſtantiſſimum ſtudium eius inflammet, ut"
                    HPOS="400.0"
                    VPOS="1655.0"
                    WIDTH="772.0"
                    HEIGHT="59.0"
                    WC="0.987904409567515"></String>
          </TextLine>
          <TextLine ID="line_42"
                    TAGREFS="LT8"
                    BASELINE="403 1744 1170 1733" 
                    HPOS="401.0"
                    VPOS="1692.0"
                    WIDTH="769.0"
                    HEIGHT="72.0">
            <Shape><Polygon POINTS="403 1744 403 1764 1168 1751 1170 1733 1164 1692 401 1708 403 1744"/></Shape>
	    <String CONTENT="Deus diſtribuit menſurã fidei. Fide, ſi Chri¬"
                    HPOS="401.0"
                    VPOS="1692.0"
                    WIDTH="769.0"
                    HEIGHT="72.0"
                    WC="0.974199248396832"></String>
          </TextLine>
          <TextLine ID="line_43"
                    TAGREFS="LT8"
                    BASELINE="401 1789 1173 1780" 
                    HPOS="400.0"
                    VPOS="1742.0"
                    WIDTH="773.0"
                    HEIGHT="63.0">
            <Shape><Polygon POINTS="401 1789 401 1805 1173 1794 1173 1780 1170 1749 862 1742 860 1742 859 1742 841 1751 576 1746 574 1746 572 1746 551 1755 419 1748 417 1748 416 1748 400 1755 401 1789"/></Shape>
	    <String CONTENT="ſtiani ſumus, uiuimus &amp; agimus omnia, hæc"
                    HPOS="400.0"
                    VPOS="1742.0"
                    WIDTH="773.0"
                    HEIGHT="63.0"
                    WC="0.995829256569467"></String>
          </TextLine>
          <TextLine ID="line_44"
                    TAGREFS="LT8"
                    BASELINE="401 1835 1168 1826" 
                    HPOS="400.0"
                    VPOS="1790.0"
                    WIDTH="768.0"
                    HEIGHT="61.0">
            <Shape><Polygon POINTS="401 1835 401 1851 1166 1847 1168 1826 1164 1796 722 1790 720 1790 551 1801 435 1794 433 1794 432 1794 400 1803 401 1835"/></Shape>
	    <String CONTENT="tota donum Dei eſt, ut ergo ipſe eam nobis"
                    HPOS="400.0"
                    VPOS="1790.0"
                    WIDTH="768.0"
                    HEIGHT="61.0"
                    WC="0.9922132137275878"></String>
          </TextLine>
          <TextLine ID="line_45"
                    TAGREFS="LT8"
                    BASELINE="403 1877 1173 1872" 
                    HPOS="401.0"
                    VPOS="1835.0"
                    WIDTH="772.0"
                    HEIGHT="64.0">
            <Shape><Polygon POINTS="403 1877 403 1899 1173 1888 1173 1872 1168 1835 401 1844 403 1877"/></Shape>
	    <String CONTENT="impartit, ita uita omnis noſtra, &amp; cunctę acti"
                    HPOS="401.0"
                    VPOS="1835.0"
                    WIDTH="772.0"
                    HEIGHT="64.0"
                    WC="0.9778344745331622"></String>
          </TextLine>
          <TextLine ID="line_46"
                    TAGREFS="LT8"
                    BASELINE="401 1925 1147 1915" 
                    HPOS="400"
                    VPOS="1881"
                    WIDTH="747"
                    HEIGHT="60">
            <Shape><Polygon POINTS="401 1925 401 1941 1147 1931 1147 1915 1143 1881 649 1881 647 1881 588 1890 540 1883 538 1883 537 1883 535 1883 521 1892 421 1885 419 1885 417 1885 400 1892 401 1925"/></Shape>
	    <String CONTENT="ones inſtitui, &amp; modificari perfici́ debent."
                    HPOS="400"
                    VPOS="1881"
                    WIDTH="747"
                    HEIGHT="60"
                    WC="0.9919219454129536"></String>
          </TextLine>
        </TextBlock>
        <TextBlock HPOS="405.0"
                   VPOS="1942.0"
                   WIDTH="769.0"
                   HEIGHT="497.0"
                   ID="block_9"
                   TAGREFS="BT1797">
          <Shape><Polygon POINTS="1174 1942 1174 2439 405 2439 405 1942"/></Shape>
          <TextLine ID="line_97"
                    TAGREFS="LT8"
                    BASELINE="449 1972 1172 1965" 
                    HPOS="448.0"
                    VPOS="1924.0"
                    WIDTH="724.0"
                    HEIGHT="60.0">
            <Shape><Polygon POINTS="449 1972 449 1984 1170 1982 1172 1965 1166 1924 738 1934 718 1934 640 1927 638 1927 636 1927 634 1927 626 1936 624 1936 610 1936 464 1929 462 1929 460 1929 458 1929 448 1934 449 1972"/></Shape>
	    <String CONTENT="Quemadmodum enim in uno corpore. I"
                    HPOS="448.0"
                    VPOS="1924.0"
                    WIDTH="724.0"
                    HEIGHT="60.0"
                    WC="0.9941276522243724"></String>
          </TextLine>
          <TextLine ID="line_98"
                    TAGREFS="LT8"
                    BASELINE="403 2016 1172 2007" 
                    HPOS="401.0"
                    VPOS="1981.0"
                    WIDTH="771.0"
                    HEIGHT="49.0">
            <Shape><Polygon POINTS="1166 1997 1148 1997 1131 1997 1113 1997 1095 1997 1077 1997 1060 1997 1042 1997 1024 1997 1006 1997 988 1997 971 1997 953 1997 935 1997 917 1997 899 1997 882 1997 864 1997 846 1997 828 1997 811 1997 793 1997 775 1997 757 1997 739 1997 722 1997 704 1993 695 1981 401 1981 403 2016 403 2030 1170 2029 1172 2007 1170 1997 1166 1997"/></Shape>
	    <String CONTENT="Hæc ſimilitudo infra. 1. Cor.12.Iatius expo¬"
                    HPOS="401.0"
                    VPOS="1981.0"
                    WIDTH="771.0"
                    HEIGHT="49.0"
                    WC="0.9792225184765729"></String>
          </TextLine>
          <TextLine ID="line_99"
                    TAGREFS="LT8"
                    BASELINE="401 2061 1173 2052" 
                    HPOS="400.0"
                    VPOS="2020.0"
                    WIDTH="773.0"
                    HEIGHT="60.0">
            <Shape><Polygon POINTS="401 2061 401 2080 1172 2068 1173 2052 1170 2020 426 2020 425 2020 423 2020 400 2027 401 2061"/></Shape>
	    <String CONTENT="nitur, quæ etiam mire quadrat. Corpus alio¬"
                    HPOS="400.0"
                    VPOS="2020.0"
                    WIDTH="773.0"
                    HEIGHT="60.0"
                    WC="0.9903168137683425"></String>
          </TextLine>
          <TextLine ID="line_100"
                    TAGREFS="LT8"
                    BASELINE="401 2105 1173 2098" 
                    HPOS="400.0"
                    VPOS="2059.0"
                    WIDTH="773.0"
                    HEIGHT="67.0">
            <Shape><Polygon POINTS="401 2105 401 2126 1172 2114 1173 2098 1170 2069 1047 2059 1045 2059 1043 2059 1042 2059 1027 2068 850 2061 848 2061 800 2069 789 2061 787 2061 786 2061 784 2061 697 2071 565 2064 563 2064 562 2064 537 2073 432 2064 430 2064 428 2064 400 2075 401 2105"/></Shape>
	    <String CONTENT="qui uocatur omne collegiũ, iam in nullo ho¬"
                    HPOS="400.0"
                    VPOS="2059.0"
                    WIDTH="773.0"
                    HEIGHT="67.0"
                    WC="0.9872056530280546"></String>
          </TextLine>
          <TextLine ID="line_101"
                    TAGREFS="LT8"
                    BASELINE="403 2151 1173 2142" 
                    HPOS="401.0"
                    VPOS="2105.0"
                    WIDTH="772.0"
                    HEIGHT="62.0">
            <Shape><Polygon POINTS="403 2151 403 2167 1172 2158 1173 2142 1168 2105 994 2114 926 2110 876 2107 875 2107 873 2107 871 2107 866 2110 859 2116 796 2112 709 2109 707 2109 706 2109 690 2116 682 2117 659 2116 590 2110 588 2110 553 2119 546 2119 533 2119 453 2112 451 2112 401 2121 403 2151"/></Shape>
	    <String CONTENT="minum collegio &amp; coniunctione uiuirur uni"
                    HPOS="401.0"
                    VPOS="2105.0"
                    WIDTH="772.0"
                    HEIGHT="62.0"
                    WC="0.9894986370714699"></String>
          </TextLine>
          <TextLine ID="line_102"
                    TAGREFS="LT8"
                    BASELINE="401 2198 1172 2189" 
                    HPOS="400.0"
                    VPOS="2150.0"
                    WIDTH="772.0"
                    HEIGHT="62.0">
            <Shape><Polygon POINTS="401 2198 401 2212 1172 2208 1172 2189 1168 2158 1038 2150 1036 2150 971 2158 967 2158 965 2158 907 2151 905 2151 866 2160 859 2160 848 2160 777 2153 775 2153 400 2162 401 2198"/></Shape>
	    <String CONTENT="rius, maiore συμπαθέα, quàm in Eccleſia"
                    HPOS="400.0"
                    VPOS="2150.0"
                    WIDTH="772.0"
                    HEIGHT="62.0"
                    WC="0.983323199408395"></String>
          </TextLine>
          <TextLine ID="line_103"
                    TAGREFS="LT8"
                    BASELINE="403 2240 1170 2235" 
                    HPOS="401.0"
                    VPOS="2203.0"
                    WIDTH="769.0"
                    HEIGHT="57.0">
            <Shape><Polygon POINTS="403 2240 403 2256 1166 2260 1170 2235 1166 2203 401 2203 403 2240"/></Shape>
	    <String CONTENT="Chriſti. Hic enim agit omnia ſpiritus Chriſti,"
                    HPOS="401.0"
                    VPOS="2203.0"
                    WIDTH="769.0"
                    HEIGHT="57.0"
                    WC="0.9975308309430662"></String>
          </TextLine>
          <TextLine ID="line_104"
                    TAGREFS="LT8"
                    BASELINE="401 2288 1170 2279" 
                    HPOS="400.0"
                    VPOS="2251.0"
                    WIDTH="770.0"
                    HEIGHT="53.0">
            <Shape><Polygon POINTS="401 2288 401 2304 1168 2295 1170 2279 1164 2251 400 2253 401 2288"/></Shape>
	    <String CONTENT="is exuit nos nobis, &amp; impellit ut ea curemus"
                    HPOS="400.0"
                    VPOS="2251.0"
                    WIDTH="770.0"
                    HEIGHT="53.0"
                    WC="0.977749999273907"></String>
          </TextLine>
          <TextLine ID="line_105"
                    TAGREFS="LT8"
                    BASELINE="403 2333 1177 2327" 
                    HPOS="401.0"
                    VPOS="2290.0"
                    WIDTH="776.0"
                    HEIGHT="59.0">
            <Shape><Polygon POINTS="403 2333 403 2349 1177 2343 1177 2327 1173 2290 460 2290 458 2290 401 2299 403 2333"/></Shape>
	    <String CONTENT="quę conducunt alijs, id́ ea propenſione &amp; af"
                    HPOS="401.0"
                    VPOS="2290.0"
                    WIDTH="776.0"
                    HEIGHT="59.0"
                    WC="0.9623697555583456"></String>
          </TextLine>
          <TextLine ID="line_106"
                    TAGREFS="LT8"
                    BASELINE="403 2377 1175 2370" 
                    HPOS="401.0"
                    VPOS="2340.0"
                    WIDTH="774.0"
                    HEIGHT="58.0">
            <Shape><Polygon POINTS="403 2377 403 2398 1173 2391 1175 2370 1172 2340 401 2340 403 2377"/></Shape>
	    <String CONTENT="fectu, quo membra ſibi inuicem ſeruiũt in cor"
                    HPOS="401.0"
                    VPOS="2340.0"
                    WIDTH="774.0"
                    HEIGHT="58.0"
                    WC="0.9973985138146774"></String>
          </TextLine>
          <TextLine ID="line_107"
                    TAGREFS="LT8"
                    BASELINE="403 2423 647 2420" 
                    HPOS="401.0"
                    VPOS="2388.0"
                    WIDTH="246.0"
                    HEIGHT="55.0">
            <Shape><Polygon POINTS="403 2423 403 2443 645 2438 647 2420 643 2390 401 2388 403 2423"/></Shape>
	    <String CONTENT="pore noſtro."
                    HPOS="401.0"
                    VPOS="2388.0"
                    WIDTH="246.0"
                    HEIGHT="55.0"
                    WC="0.9998899201552073"></String>
          </TextLine>
        </TextBlock>
        <TextBlock HPOS="412.0"
                   VPOS="2437.0"
                   WIDTH="763.0"
                   HEIGHT="464.0"
                   ID="block_7"
                   TAGREFS="BT1797">
          <Shape><Polygon POINTS="1175 2437 1175 2901 412 2901 412 2437"/></Shape>
          <TextLine ID="eSc_line_8c6c8de3"
                    TAGREFS="LT8"
                    BASELINE="446 2465 1177 2461" 
                    HPOS="443"
                    VPOS="2438"
                    WIDTH="731"
                    HEIGHT="48">
            <Shape><Polygon POINTS="1137 2438 1110 2438 1084 2438 1057 2438 1030 2438 1003 2438 977 2438 950 2438 923 2438 897 2438 870 2438 843 2438 817 2438 790 2438 763 2438 736 2438 710 2438 683 2438 656 2438 630 2438 603 2438 576 2438 550 2438 523 2438 496 2438 469 2438 443 2438 445 2464 445 2486 1172 2480 1174 2459 1164 2438 1137 2438"/></Shape>
	    <String CONTENT="Membra uero omnia. IIn hoc potiſſimũ"
                    HPOS="443"
                    VPOS="2438"
                    WIDTH="731"
                    HEIGHT="48"
                    WC="0.9870319962501526"></String>
          </TextLine>
          <TextLine ID="eSc_line_fd03ef4e"
                    TAGREFS="LT8"
                    BASELINE="419 2508 442 2511 1175 2507" 
                    HPOS="413"
                    VPOS="2467"
                    WIDTH="761"
                    HEIGHT="64">
            <Shape><Polygon POINTS="416 2531 1172 2523 1174 2504 1161 2467 413 2467 416 2507"/></Shape>
	    <String CONTENT="eſt huius loci argumentũ, ut nimirum à ſimi¬"
                    HPOS="413"
                    VPOS="2467"
                    WIDTH="761"
                    HEIGHT="64"
                    WC="0.9973455745240917"></String>
          </TextLine>
          <TextLine ID="line_110"
                    TAGREFS="LT8"
                    BASELINE="409 2559 1175 2553" 
                    HPOS="407.0"
                    VPOS="2514.0"
                    WIDTH="768.0"
                    HEIGHT="61.0">
            <Shape><Polygon POINTS="409 2559 409 2575 1173 2569 1175 2553 1170 2514 407 2518 409 2559"/></Shape>
	    <String CONTENT="litudine corporis diſcamus, certam &amp; pro¬"
                    HPOS="407.0"
                    VPOS="2514.0"
                    WIDTH="768.0"
                    HEIGHT="61.0"
                    WC="0.970227389108567"></String>
          </TextLine>
          <TextLine ID="line_111"
                    TAGREFS="LT8"
                    BASELINE="403 2603 1173 2596" 
                    HPOS="401.0"
                    VPOS="2567.0"
                    WIDTH="772.0"
                    HEIGHT="54.0">
            <Shape><Polygon POINTS="403 2603 403 2621 1172 2617 1173 2596 1168 2567 401 2573 403 2603"/></Shape>
	    <String CONTENT="priam oporteat unumquem actionem ha¬"
                    HPOS="401.0"
                    VPOS="2567.0"
                    WIDTH="772.0"
                    HEIGHT="54.0"
                    WC="0.9983317094880182"></String>
          </TextLine>
          <TextLine ID="line_112"
                    TAGREFS="LT8"
                    BASELINE="403 2649 1177 2644" 
                    HPOS="401.0"
                    VPOS="2610.0"
                    WIDTH="776.0"
                    HEIGHT="55.0">
            <Shape><Polygon POINTS="403 2649 403 2663 1175 2665 1177 2644 1173 2614 401 2610 403 2649"/></Shape>
	    <String CONTENT="bere in corpore Chriſti, &amp; omnino eam, quã"
                    HPOS="401.0"
                    VPOS="2610.0"
                    WIDTH="776.0"
                    HEIGHT="55.0"
                    WC="0.9808241766552592"></String>
          </TextLine>
          <TextLine ID="line_113"
                    TAGREFS="LT8"
                    BASELINE="401 2695 1175 2688" 
                    HPOS="400.0"
                    VPOS="2651.0"
                    WIDTH="775.0"
                    HEIGHT="64.0">
            <Shape><Polygon POINTS="401 2695 401 2710 974 2715 976 2715 1152 2713 1154 2713 1175 2703 1175 2688 1170 2655 939 2660 921 2658 866 2651 864 2651 862 2651 828 2660 827 2660 803 2651 802 2651 800 2651 754 2662 752 2662 743 2653 741 2653 739 2653 663 2653 661 2653 592 2663 583 2656 583 2655 581 2655 579 2655 412 2655 410 2655 409 2655 407 2655 407 2656 400 2662 401 2695"/></Shape>
	    <String CONTENT="dominus unicui donauerit. Sicut nam ma"
                    HPOS="400.0"
                    VPOS="2651.0"
                    WIDTH="775.0"
                    HEIGHT="64.0"
                    WC="0.9977011278271675"></String>
          </TextLine>
          <TextLine ID="line_114"
                    TAGREFS="LT8"
                    BASELINE="401 2740 1164 2733" 
                    HPOS="400.0"
                    VPOS="2704.0"
                    WIDTH="764.0"
                    HEIGHT="54.0">
            <Shape><Polygon POINTS="401 2740 401 2758 1163 2756 1164 2733 1161 2704 400 2704 401 2740"/></Shape>
	    <String CONTENT="nus id nunquã poreſt præſtare quod oculus"
                    HPOS="400.0"
                    VPOS="2704.0"
                    WIDTH="764.0"
                    HEIGHT="54.0"
                    WC="0.9969171143713451"></String>
          </TextLine>
          <TextLine ID="line_115"
                    TAGREFS="LT8"
                    BASELINE="401 2784 1161 2779" 
                    HPOS="400.0"
                    VPOS="2745.0"
                    WIDTH="761.0"
                    HEIGHT="55.0">
            <Shape><Polygon POINTS="401 2784 401 2800 1159 2795 1161 2779 1157 2745 400 2745 401 2784"/></Shape>
	    <String CONTENT="quod auris, ne oculus, &amp; auris quod man?"
                    HPOS="400.0"
                    VPOS="2745.0"
                    WIDTH="761.0"
                    HEIGHT="55.0"
                    WC="0.9840429875908828"></String>
          </TextLine>
          <TextLine ID="line_116"
                    TAGREFS="LT8"
                    BASELINE="400 2831 1180 2825" 
                    HPOS="398.0"
                    VPOS="2783.0"
                    WIDTH="782.0"
                    HEIGHT="65.0">
            <Shape><Polygon POINTS="400 2831 400 2848 1179 2839 1180 2825 1175 2783 1118 2797 940 2797 921 2784 919 2784 917 2784 915 2784 914 2784 883 2793 663 2786 658 2786 656 2786 652 2786 439 2799 398 2788 400 2831"/></Shape>
	    <String CONTENT="ita nemo cum ſalute quic pfecerit, præter id"
                    HPOS="398.0"
                    VPOS="2783.0"
                    WIDTH="782.0"
                    HEIGHT="65.0"
                    WC="0.9820139010747274"></String>
          </TextLine>
          <TextLine ID="line_117"
                    TAGREFS="LT8"
                    BASELINE="400 2875 1177 2872" 
                    HPOS="398.0"
                    VPOS="2831.0"
                    WIDTH="779.0"
                    HEIGHT="94.0">
            <Shape><Polygon POINTS="400 2875 400 2904 533 2902 560 2909 604 2920 606 2920 608 2920 610 2920 611 2920 624 2909 636 2902 725 2909 727 2909 791 2900 816 2914 834 2923 835 2923 837 2925 928 2925 928 2923 930 2923 942 2916 949 2912 956 2918 963 2923 965 2923 967 2923 969 2923 1177 2921 1177 2872 1173 2841 985 2841 983 2839 971 2831 969 2831 967 2831 965 2831 908 2839 903 2839 898 2839 864 2831 862 2831 860 2831 859 2831 843 2839 832 2831 830 2831 828 2831 827 2831 778 2838 768 2839 398 2838 400 2875"/></Shape>
	    <String CONTENT="unũ, ad quod eum fecitinſtruxit́ dominus."
                    HPOS="398.0"
                    VPOS="2831.0"
                    WIDTH="779.0"
                    HEIGHT="94.0"
                    WC="0.97141975025798"></String>
          </TextLine>
        </TextBlock>
        <TextBlock HPOS="1198.0"
                   VPOS="140.0"
                   WIDTH="805.0"
                   HEIGHT="2226.0"
                   ID="block_6"
                   TAGREFS="BT1797">
          <Shape><Polygon POINTS="2003 140 2003 2366 1198 2366 1198 140"/></Shape>
          <TextLine ID="line_49"
                    TAGREFS="LT8"
                    BASELINE="1204 186 1963 169" 
                    HPOS="1198.0"
                    VPOS="141.0"
                    WIDTH="764.0"
                    HEIGHT="64.0">
            <Shape><Polygon POINTS="1946 141 1919 141 1893 141 1866 141 1839 141 1812 141 1786 141 1759 141 1732 141 1706 141 1679 141 1652 141 1626 141 1599 141 1572 141 1545 141 1519 141 1492 141 1465 141 1447 141 1198 144 1201 184 1201 205 1959 197 1962 168 1954 141 1946 141"/></Shape>
	    <String CONTENT="Habentes uero dona. ] Explicat præcipua"
                    HPOS="1198.0"
                    VPOS="141.0"
                    WIDTH="764.0"
                    HEIGHT="64.0"
                    WC="0.9929274045504056"></String>
          </TextLine>
          <TextLine ID="line_50"
                    TAGREFS="LT8"
                    BASELINE="1188 232 1924 216 1963 209" 
                    HPOS="1182.0"
                    VPOS="178.0"
                    WIDTH="780.0"
                    HEIGHT="72.0">
            <Shape><Polygon POINTS="1185 229 1185 250 1959 237 1962 208 1951 178 1182 192 1185 229"/></Shape>
	    <String CONTENT="munera ſanctorum, &amp; proprias eorum fun¬"
                    HPOS="1182.0"
                    VPOS="178.0"
                    WIDTH="780.0"
                    HEIGHT="72.0"
                    WC="0.9963900156510181"></String>
          </TextLine>
          <TextLine ID="line_51"
                    TAGREFS="LT8"
                    BASELINE="1189 277 1970 263" 
                    HPOS="1188.0"
                    VPOS="222.0"
                    WIDTH="782.0"
                    HEIGHT="67.0">
            <Shape><Polygon POINTS="1189 277 1189 289 1968 284 1970 263 1968 232 1949 222 1947 222 1945 222 1867 232 1773 224 1771 224 1671 236 1328 232 1326 232 1325 232 1280 243 1218 234 1216 234 1214 234 1188 245 1189 277"/></Shape>
	    <String CONTENT="ctiones. Idem facit 1.Corint.12.et Ephe, 4.ubi"
                    HPOS="1188.0"
                    VPOS="222.0"
                    WIDTH="782.0"
                    HEIGHT="67.0"
                    WC="0.9827022267424542"></String>
          </TextLine>
          <TextLine ID="line_52"
                    TAGREFS="LT8"
                    BASELINE="1193 323 1967 305" 
                    HPOS="1191.0"
                    VPOS="280.0"
                    WIDTH="776.0"
                    HEIGHT="63.0">
            <Shape><Polygon POINTS="1956 280 1938 280 1920 280 1903 280 1885 280 1867 280 1849 280 1831 280 1814 280 1796 280 1778 280 1760 280 1742 280 1725 280 1707 280 1689 280 1671 280 1654 280 1636 280 1618 280 1609 280 1606 282 1600 280 1582 280 1565 280 1547 280 1529 280 1513 280 1483 284 1458 280 1440 280 1426 280 1419 288 1401 280 1387 280 1385 280 1342 289 1211 282 1209 282 1207 282 1205 282 1191 289 1193 323 1193 343 1967 325 1967 305 1963 280 1956 280"/></Shape>
	    <String CONTENT="diſſeremus uolente Dño de his exactius. Pro¬"
                    HPOS="1191.0"
                    VPOS="280.0"
                    WIDTH="776.0"
                    HEIGHT="63.0"
                    WC="0.9992442541652256"></String>
          </TextLine>
          <TextLine ID="line_53"
                    TAGREFS="LT8"
                    BASELINE="1193 369 1972 350" 
                    HPOS="1191.0"
                    VPOS="311.0"
                    WIDTH="781.0"
                    HEIGHT="82.0">
            <Shape><Polygon POINTS="1193 369 1193 393 1406 380 1474 384 1529 385 1531 385 1533 385 1534 385 1540 380 1549 377 1645 377 1828 378 1830 378 1972 364 1972 350 1968 320 1901 311 1899 311 1812 321 1805 321 1801 321 1764 314 1762 314 1760 314 1758 314 1748 323 1746 323 1734 316 1732 316 1730 316 1691 323 1680 325 1670 323 1638 318 1636 318 1634 318 1620 325 1613 328 1191 330 1193 369"/></Shape>
	    <String CONTENT="phetiã primo loco ponit, quę eſt facultas ſpi¬"
                    HPOS="1191.0"
                    VPOS="311.0"
                    WIDTH="781.0"
                    HEIGHT="82.0"
                    WC="0.9990998941163222"></String>
          </TextLine>
          <TextLine ID="line_54"
                    TAGREFS="LT8"
                    BASELINE="1193 414 1975 398" 
                    HPOS="1191.0"
                    VPOS="359.0"
                    WIDTH="784.0"
                    HEIGHT="76.0">
            <Shape><Polygon POINTS="1193 414 1193 435 1975 412 1975 398 1972 368 1892 359 1890 359 1888 359 1863 368 1801 361 1799 361 1755 369 1627 364 1625 364 1191 380 1193 414"/></Shape>
	    <String CONTENT="ritus Chriſti, qua futura &amp; arcana Dei prędi¬"
                    HPOS="1191.0"
                    VPOS="359.0"
                    WIDTH="784.0"
                    HEIGHT="76.0"
                    WC="0.9903418667938398"></String>
          </TextLine>
          <TextLine ID="line_55"
                    TAGREFS="LT8"
                    BASELINE="1195 462 1975 444" 
                    HPOS="1193.0"
                    VPOS="407.0"
                    WIDTH="782.0"
                    HEIGHT="69.0">
            <Shape><Polygon POINTS="1195 462 1195 476 1975 464 1975 444 1972 407 1739 407 1737 407 1682 414 1657 417 1638 416 1584 410 1582 410 1581 410 1550 419 1545 419 1540 419 1506 412 1504 412 1419 423 1410 423 1405 423 1365 416 1364 416 1362 416 1360 416 1346 425 1341 425 1271 417 1269 417 1193 428 1195 462"/></Shape>
	    <String CONTENT="cunt̃ &amp; renunciant ad inſtaurationẽ Eccleſiæ."
                    HPOS="1193.0"
                    VPOS="407.0"
                    WIDTH="782.0"
                    HEIGHT="69.0"
                    WC="0.9939950380636298"></String>
          </TextLine>
          <TextLine ID="line_56"
                    TAGREFS="LT8"
                    BASELINE="1193 505 1975 489" 
                    HPOS="1191.0"
                    VPOS="453.0"
                    WIDTH="784.0"
                    HEIGHT="73.0">
            <Shape><Polygon POINTS="1193 505 1193 526 1974 512 1975 489 1970 453 1191 471 1193 505"/></Shape>
	    <String CONTENT="Adijcitur hic κατὰ αὐαλογίαν fidei. Iſtucle¬"
                    HPOS="1191.0"
                    VPOS="453.0"
                    WIDTH="784.0"
                    HEIGHT="73.0"
                    WC="0.9647788101054252"></String>
          </TextLine>
          <TextLine ID="line_57"
                    TAGREFS="LT8"
                    BASELINE="1196 551 1974 531" 
                    HPOS="1195.0"
                    VPOS="499.0"
                    WIDTH="779.0"
                    HEIGHT="77.0">
            <Shape><Polygon POINTS="1196 551 1196 576 1974 553 1974 531 1968 499 1412 506 1410 506 1408 506 1408 508 1399 515 1392 515 1266 510 1264 510 1195 521 1196 551"/></Shape>
	    <String CONTENT="gir D. Ambroſius, ſecundum operarionem ſi"
                    HPOS="1195.0"
                    VPOS="499.0"
                    WIDTH="779.0"
                    HEIGHT="77.0"
                    WC="0.988788721038074"></String>
          </TextLine>
          <TextLine ID="line_58"
                    TAGREFS="LT8"
                    BASELINE="1193 597 1974 576" 
                    HPOS="1191.0"
                    VPOS="542.0"
                    WIDTH="783.0"
                    HEIGHT="73.0">
            <Shape><Polygon POINTS="1193 597 1193 615 1974 597 1974 576 1968 542 1191 565 1193 597"/></Shape>
	    <String CONTENT="dei, &amp; interpretatur dari prophetiam pro mo"
                    HPOS="1191.0"
                    VPOS="542.0"
                    WIDTH="783.0"
                    HEIGHT="73.0"
                    WC="0.9737871469453324"></String>
          </TextLine>
          <TextLine ID="line_59"
                    TAGREFS="LT8"
                    BASELINE="1196 643 1977 625" 
                    HPOS="1195.0"
                    VPOS="588.0"
                    WIDTH="782.0"
                    HEIGHT="71.0">
            <Shape><Polygon POINTS="1196 643 1196 659 1977 641 1977 625 1974 597 1906 588 1904 588 1903 588 1901 588 1901 590 1892 597 1840 590 1838 590 1837 590 1815 599 1771 592 1769 592 1582 604 1429 599 1428 599 1426 599 1397 608 1282 602 1280 602 1278 602 1276 602 1276 604 1268 611 1211 604 1209 604 1207 604 1205 604 1195 609 1196 643"/></Shape>
	    <String CONTENT="do accipientis, hoc eſt, quantum cauſa exigit"
                    HPOS="1195.0"
                    VPOS="588.0"
                    WIDTH="782.0"
                    HEIGHT="71.0"
                    WC="0.9727810449070401"></String>
          </TextLine>
          <TextLine ID="line_60"
                    TAGREFS="LT8"
                    BASELINE="1196 689 1975 670" 
                    HPOS="1195.0"
                    VPOS="640.0"
                    WIDTH="780.0"
                    HEIGHT="73.0">
            <Shape><Polygon POINTS="1196 689 1196 713 1341 702 1369 709 1371 709 1373 709 1421 700 1472 707 1476 707 1477 707 1483 707 1577 697 1614 704 1618 704 1620 704 1629 704 1721 693 1972 693 1975 670 1970 640 1195 654 1196 689"/></Shape>
	    <String CONTENT="propter quã datur. Chryſoſtomus illud pro"
                    HPOS="1195.0"
                    VPOS="640.0"
                    WIDTH="780.0"
                    HEIGHT="73.0"
                    WC="0.995160969949904"></String>
          </TextLine>
          <TextLine ID="line_61"
                    TAGREFS="LT8"
                    BASELINE="1200 734 1975 718" 
                    HPOS="1198.0"
                    VPOS="681.0"
                    WIDTH="777.0"
                    HEIGHT="76.0">
            <Shape><Polygon POINTS="1200 734 1200 757 1975 734 1975 718 1972 688 1808 681 1806 681 1625 693 1378 689 1376 689 1374 689 1373 689 1373 691 1371 691 1365 698 1287 691 1285 691 1284 691 1282 691 1282 693 1280 693 1275 700 1234 693 1232 693 1230 693 1198 702 1200 734"/></Shape>
	    <String CONTENT="pe ad eundem modum enarrat. Scribit em̃ do"
                    HPOS="1198.0"
                    VPOS="681.0"
                    WIDTH="777.0"
                    HEIGHT="76.0"
                    WC="0.9809827648458027"></String>
          </TextLine>
          <TextLine ID="line_62"
                    TAGREFS="LT8"
                    BASELINE="1198 780 1979 764" 
                    HPOS="1196.0"
                    VPOS="725.0"
                    WIDTH="783.0"
                    HEIGHT="78.0">
            <Shape><Polygon POINTS="1198 780 1198 794 1273 803 1275 803 1276 803 1278 803 1292 794 1298 794 1369 802 1371 802 1492 793 1547 789 1979 789 1979 764 1975 732 1888 725 1887 725 1814 734 1799 736 1773 736 1629 730 1627 730 1625 730 1606 739 1604 739 1586 739 1456 734 1454 734 1453 734 1435 743 1433 743 1415 743 1294 738 1292 738 1196 746 1198 780"/></Shape>
	    <String CONTENT="num hoc prophetiæ menſurã accipere à ſuſci¬"
                    HPOS="1196.0"
                    VPOS="725.0"
                    WIDTH="783.0"
                    HEIGHT="78.0"
                    WC="0.9708323094579908"></String>
          </TextLine>
          <TextLine ID="line_63"
                    TAGREFS="LT8"
                    BASELINE="1196 825 1977 809" 
                    HPOS="1195.0"
                    VPOS="778.0"
                    WIDTH="782.0"
                    HEIGHT="70.0">
            <Shape><Polygon POINTS="1196 825 1196 848 1977 834 1977 809 1974 778 1540 778 1538 778 1195 793 1196 825"/></Shape>
	    <String CONTENT="plentibus, tantũ ſcilicer influere, quantũ repe¬"
                    HPOS="1195.0"
                    VPOS="778.0"
                    WIDTH="782.0"
                    HEIGHT="70.0"
                    WC="0.9947401261329651"></String>
          </TextLine>
          <TextLine ID="line_64"
                    TAGREFS="LT8"
                    BASELINE="1200 871 1977 855" 
                    HPOS="1198.0"
                    VPOS="818.0"
                    WIDTH="779.0"
                    HEIGHT="74.0">
            <Shape><Polygon POINTS="1200 871 1200 892 1716 887 1803 876 1863 883 1865 883 1867 883 1892 874 1967 882 1968 882 1970 882 1972 882 1972 880 1974 880 1977 874 1977 855 1974 825 1803 818 1801 818 1799 818 1782 826 1718 819 1716 819 1625 830 1227 830 1225 830 1223 830 1198 839 1200 871"/></Shape>
	    <String CONTENT="riat uas fidei ſibi appoſitum. Hæc ſane inter¬"
                    HPOS="1198.0"
                    VPOS="818.0"
                    WIDTH="779.0"
                    HEIGHT="74.0"
                    WC="0.9943716629691746"></String>
          </TextLine>
          <TextLine ID="line_65"
                    TAGREFS="LT8"
                    BASELINE="1198 915 1977 903" 
                    HPOS="1196.0"
                    VPOS="874.0"
                    WIDTH="781.0"
                    HEIGHT="63.0">
            <Shape><Polygon POINTS="1198 915 1198 937 1725 933 1726 933 1753 924 1755 924 1760 924 1831 931 1833 931 1878 922 1958 930 1959 930 1961 930 1963 930 1977 921 1977 903 1972 874 1196 878 1198 915"/></Shape>
	    <String CONTENT="pretatio congruit cum eo, quod Apoſtolus"
                    HPOS="1196.0"
                    VPOS="874.0"
                    WIDTH="781.0"
                    HEIGHT="63.0"
                    WC="0.9900467559695244"></String>
          </TextLine>
          <TextLine ID="line_66"
                    TAGREFS="LT8"
                    BASELINE="1202 962 1977 949" 
                    HPOS="1200.0"
                    VPOS="910.0"
                    WIDTH="777.0"
                    HEIGHT="75.0">
            <Shape><Polygon POINTS="1202 962 1202 985 1975 972 1977 949 1974 919 1903 910 1901 910 1899 910 1897 910 1887 919 1887 921 1792 921 1755 912 1753 912 1751 912 1609 924 1607 924 1606 924 1538 915 1536 915 1534 915 1499 926 1470 917 1469 917 1467 917 1342 928 1317 919 1316 919 1314 919 1312 919 1310 919 1310 921 1308 921 1301 930 1250 922 1248 922 1200 931 1202 962"/></Shape>
	    <String CONTENT="pręmiſit, prout cui Deus impertiuit menſu¬"
                    HPOS="1200.0"
                    VPOS="910.0"
                    WIDTH="777.0"
                    HEIGHT="75.0"
                    WC="0.9900262572548606"></String>
          </TextLine>
          <TextLine ID="line_67"
                    TAGREFS="LT8"
                    BASELINE="1200 1008 1977 997" 
                    HPOS="1198.0"
                    VPOS="962.0"
                    WIDTH="779.0"
                    HEIGHT="60.0">
            <Shape><Polygon POINTS="1200 1008 1200 1022 1975 1018 1977 997 1974 962 1463 962 1461 962 1460 962 1424 970 1422 970 1419 970 1328 963 1326 963 1198 974 1200 1008"/></Shape>
	    <String CONTENT="ram fidei. Siquidẽ cum deus dona omnia pro"
                    HPOS="1198.0"
                    VPOS="962.0"
                    WIDTH="779.0"
                    HEIGHT="60.0"
                    WC="0.9806109694547431"></String>
          </TextLine>
          <TextLine ID="line_68"
                    TAGREFS="LT8"
                    BASELINE="1202 1054 1979 1042" 
                    HPOS="1200.0"
                    VPOS="1006.0"
                    WIDTH="779.0"
                    HEIGHT="62.0">
            <Shape><Polygon POINTS="1202 1054 1202 1068 1979 1065 1979 1042 1975 1010 1533 1006 1531 1006 1529 1006 1509 1015 1449 1008 1447 1008 1445 1008 1419 1017 1360 1010 1358 1010 1200 1020 1202 1054"/></Shape>
	    <String CONTENT="menſura fidei diſtribuit, indubie &amp; propheuiã"
                    HPOS="1200.0"
                    VPOS="1006.0"
                    WIDTH="779.0"
                    HEIGHT="62.0"
                    WC="0.9876446983088618"></String>
          </TextLine>
          <TextLine ID="line_69"
                    TAGREFS="LT8"
                    BASELINE="1202 1100 1977 1088" 
                    HPOS="1200.0"
                    VPOS="1052.0"
                    WIDTH="777.0"
                    HEIGHT="64.0">
            <Shape><Polygon POINTS="1202 1100 1202 1116 1977 1106 1977 1088 1974 1052 1536 1052 1534 1052 1533 1052 1506 1061 1504 1061 1499 1061 1435 1054 1433 1054 1431 1054 1429 1054 1417 1063 1415 1063 1410 1063 1317 1056 1316 1056 1200 1067 1202 1100"/></Shape>
	    <String CONTENT="pro fidei portione cõfert. Ad utilitatem nãq"
                    HPOS="1200.0"
                    VPOS="1052.0"
                    WIDTH="777.0"
                    HEIGHT="64.0"
                    WC="0.9745468095592831"></String>
          </TextLine>
          <TextLine ID="line_70"
                    TAGREFS="LT8"
                    BASELINE="1202 1145 1975 1132" 
                    HPOS="1200.0"
                    VPOS="1099.0"
                    WIDTH="775.0"
                    HEIGHT="67.0">
            <Shape><Polygon POINTS="1202 1145 1202 1166 1974 1154 1975 1132 1972 1099 1552 1099 1550 1099 1426 1109 1415 1109 1408 1109 1328 1102 1326 1102 1200 1113 1202 1145"/></Shape>
	    <String CONTENT="publicam corporis Chriſti dotes iſtas omnes"
                    HPOS="1200.0"
                    VPOS="1099.0"
                    WIDTH="775.0"
                    HEIGHT="67.0"
                    WC="0.9958773685056109"></String>
          </TextLine>
          <TextLine ID="line_71"
                    TAGREFS="LT8"
                    BASELINE="1204 1187 1979 1180" 
                    HPOS="1202.0"
                    VPOS="1145.0"
                    WIDTH="777.0"
                    HEIGHT="62.0">
            <Shape><Polygon POINTS="1204 1187 1204 1207 1977 1202 1979 1180 1974 1145 1202 1154 1204 1187"/></Shape>
	    <String CONTENT="ſpiritus Chriſti ſanctis adflat, conuenit itaq"
                    HPOS="1202.0"
                    VPOS="1145.0"
                    WIDTH="777.0"
                    HEIGHT="62.0"
                    WC="0.9926091199335845"></String>
          </TextLine>
          <TextLine ID="line_72"
                    TAGREFS="LT8"
                    BASELINE="1204 1235 1975 1225" 
                    HPOS="1202.0"
                    VPOS="1187.0"
                    WIDTH="773.0"
                    HEIGHT="63.0">
            <Shape><Polygon POINTS="1204 1235 1204 1250 1975 1246 1975 1225 1972 1189 1591 1187 1590 1187 1470 1198 1454 1198 1444 1198 1342 1191 1341 1191 1339 1191 1337 1191 1326 1200 1325 1202 1202 1202 1204 1235"/></Shape>
	    <String CONTENT="ut eas adflet pro modo fidei, id eſt, uitæ Dei,"
                    HPOS="1202.0"
                    VPOS="1187.0"
                    WIDTH="773.0"
                    HEIGHT="63.0"
                    WC="0.9934018482553199"></String>
          </TextLine>
          <TextLine ID="line_73"
                    TAGREFS="LT8"
                    BASELINE="1211 1280 1977 1269" 
                    HPOS="1209.0"
                    VPOS="1234.0"
                    WIDTH="768.0"
                    HEIGHT="69.0">
            <Shape><Polygon POINTS="1211 1280 1211 1303 1767 1289 1974 1294 1977 1269 1972 1234 1209 1243 1211 1280"/></Shape>
	    <String CONTENT="qua Ecdeſiæ commodis ſancti uiuunt. Quo"
                    HPOS="1209.0"
                    VPOS="1234.0"
                    WIDTH="768.0"
                    HEIGHT="69.0"
                    WC="0.9924945204685895"></String>
          </TextLine>
          <TextLine ID="line_74"
                    TAGREFS="LT8"
                    BASELINE="1209 1326 1977 1314" 
                    HPOS="1207.0"
                    VPOS="1283.0"
                    WIDTH="770.0"
                    HEIGHT="66.0">
            <Shape><Polygon POINTS="1209 1326 1209 1349 1977 1333 1977 1314 1972 1283 1207 1294 1209 1326"/></Shape>
	    <String CONTENT="enim quiſ eſt animo magis ad gloriã Chri¬"
                    HPOS="1207.0"
                    VPOS="1283.0"
                    WIDTH="770.0"
                    HEIGHT="66.0"
                    WC="0.9815936670746914"></String>
          </TextLine>
          <TextLine ID="line_75"
                    TAGREFS="LT8"
                    BASELINE="1207 1371 1974 1363" 
                    HPOS="1205.0"
                    VPOS="1328.0"
                    WIDTH="769.0"
                    HEIGHT="60.0">
            <Shape><Polygon POINTS="1207 1371 1207 1388 1972 1388 1974 1363 1968 1328 1205 1333 1207 1371"/></Shape>
	    <String CONTENT="ſti &amp; ſanctorum inſtaurationem adſpirante,"
                    HPOS="1205.0"
                    VPOS="1328.0"
                    WIDTH="769.0"
                    HEIGHT="60.0"
                    WC="0.9939618578978947"></String>
          </TextLine>
          <TextLine ID="line_76"
                    TAGREFS="LT8"
                    BASELINE="1209 1417 1977 1408" 
                    HPOS="1207.0"
                    VPOS="1374.0"
                    WIDTH="770.0"
                    HEIGHT="59.0">
            <Shape><Polygon POINTS="1209 1417 1209 1433 1975 1431 1977 1408 1972 1374 1207 1383 1209 1417"/></Shape>
	    <String CONTENT="hocpar eſt unumquem donis &amp; facultati¬"
                    HPOS="1207.0"
                    VPOS="1374.0"
                    WIDTH="770.0"
                    HEIGHT="59.0"
                    WC="0.9861516050803356"></String>
          </TextLine>
          <TextLine ID="line_77"
                    TAGREFS="LT8"
                    BASELINE="1209 1463 1981 1454" 
                    HPOS="1207.0"
                    VPOS="1422.0"
                    WIDTH="774.0"
                    HEIGHT="61.0">
            <Shape><Polygon POINTS="1209 1463 1209 1483 1981 1468 1981 1454 1975 1422 1207 1424 1209 1463"/></Shape>
	    <String CONTENT="bus, quibus gloriam Chriſti illuſtriorem, &amp;"
                    HPOS="1207.0"
                    VPOS="1422.0"
                    WIDTH="774.0"
                    HEIGHT="61.0"
                    WC="0.9947281646174054"></String>
          </TextLine>
          <TextLine ID="line_78"
                    TAGREFS="LT8"
                    BASELINE="1209 1508 1977 1499" 
                    HPOS="1207.0"
                    VPOS="1461.0"
                    WIDTH="770.0"
                    HEIGHT="63.0">
            <Shape><Polygon POINTS="1209 1508 1209 1524 1977 1518 1977 1499 1974 1470 1821 1461 1819 1461 1817 1461 1815 1461 1801 1470 1668 1463 1666 1463 1664 1463 1641 1472 1520 1465 1518 1465 1517 1465 1497 1474 1378 1467 1376 1467 1374 1467 1353 1476 1252 1468 1250 1468 1207 1477 1209 1508"/></Shape>
	    <String CONTENT="utilitatem Eccleſiæ auctiorẽ faciat, eſſe inſtru¬"
                    HPOS="1207.0"
                    VPOS="1461.0"
                    WIDTH="770.0"
                    HEIGHT="63.0"
                    WC="0.9876448428630829"></String>
          </TextLine>
          <TextLine ID="line_79"
                    TAGREFS="LT8"
                    BASELINE="1211 1554 1975 1545" 
                    HPOS="1209.0"
                    VPOS="1511.0"
                    WIDTH="766.0"
                    HEIGHT="59.0">
            <Shape><Polygon POINTS="1211 1554 1211 1570 1975 1566 1975 1545 1970 1511 1209 1520 1211 1554"/></Shape>
	    <String CONTENT="ctiorem. Conferebat olim Deus dotes iſtas"
                    HPOS="1209.0"
                    VPOS="1511.0"
                    WIDTH="766.0"
                    HEIGHT="59.0"
                    WC="0.9954866723316472"></String>
          </TextLine>
          <TextLine ID="line_80"
                    TAGREFS="LT8"
                    BASELINE="1209 1598 1972 1593" 
                    HPOS="1207.0"
                    VPOS="1556.0"
                    WIDTH="765.0"
                    HEIGHT="65.0">
            <Shape><Polygon POINTS="1209 1598 1209 1621 1970 1616 1972 1593 1968 1563 1476 1556 1474 1556 1472 1556 1470 1556 1456 1564 1250 1557 1248 1557 1207 1566 1209 1598"/></Shape>
	    <String CONTENT="ctiã impijs, quibus dicet, Amen dico uobis,"
                    HPOS="1207.0"
                    VPOS="1556.0"
                    WIDTH="765.0"
                    HEIGHT="65.0"
                    WC="0.9903966974128376"></String>
          </TextLine>
          <TextLine ID="line_81"
                    TAGREFS="LT8"
                    BASELINE="1211 1644 1977 1637" 
                    HPOS="1209.0"
                    VPOS="1605.0"
                    WIDTH="768.0"
                    HEIGHT="57.0">
            <Shape><Polygon POINTS="1211 1644 1211 1662 1975 1657 1977 1637 1972 1605 1209 1609 1211 1644"/></Shape>
	    <String CONTENT="nunq; noui uos. Marth.7. Sed Appſtolus hic"
                    HPOS="1209.0"
                    VPOS="1605.0"
                    WIDTH="768.0"
                    HEIGHT="57.0"
                    WC="0.9734305072398413"></String>
          </TextLine>
          <TextLine ID="line_82"
                    TAGREFS="LT8"
                    BASELINE="1211 1689 1975 1684" 
                    HPOS="1209.0"
                    VPOS="1650.0"
                    WIDTH="766.0"
                    HEIGHT="57.0">
            <Shape><Polygon POINTS="1211 1689 1211 1707 1974 1705 1975 1684 1972 1652 1209 1650 1211 1689"/></Shape>
	    <String CONTENT="loquitur de donis, quibus pollent ſancti, illis"
                    HPOS="1209.0"
                    VPOS="1650.0"
                    WIDTH="766.0"
                    HEIGHT="57.0"
                    WC="0.9872068052596235"></String>
          </TextLine>
          <TextLine ID="line_83"
                    TAGREFS="LT8"
                    BASELINE="1209 1735 1977 1726" 
                    HPOS="1207.0"
                    VPOS="1694.0"
                    WIDTH="770.0"
                    HEIGHT="61.0">
            <Shape><Polygon POINTS="1209 1735 1209 1755 1975 1744 1977 1726 1972 1694 1207 1700 1209 1735"/></Shape>
	    <String CONTENT="attemperat uti Dominus omnem faculta¬"
                    HPOS="1207.0"
                    VPOS="1694.0"
                    WIDTH="770.0"
                    HEIGHT="61.0"
                    WC="0.9957637002593592"></String>
          </TextLine>
          <TextLine ID="line_84"
                    TAGREFS="LT8"
                    BASELINE="1211 1781 1979 1776" 
                    HPOS="1209.0"
                    VPOS="1744.0"
                    WIDTH="770.0"
                    HEIGHT="55.0">
            <Shape><Polygon POINTS="1211 1781 1211 1797 1975 1799 1979 1776 1975 1744 1209 1744 1211 1781"/></Shape>
	    <String CONTENT="tem bene &amp; utiliter agendi, pro portione fi¬"
                    HPOS="1209.0"
                    VPOS="1744.0"
                    WIDTH="770.0"
                    HEIGHT="55.0"
                    WC="0.9760161191225052"></String>
          </TextLine>
          <TextLine ID="line_85"
                    TAGREFS="LT8"
                    BASELINE="1209 1826 1981 1821" 
                    HPOS="1207.0"
                    VPOS="1785.0"
                    WIDTH="774.0"
                    HEIGHT="68.0">
            <Shape><Polygon POINTS="1209 1826 1209 1853 1316 1844 1437 1851 1440 1851 1442 1851 1444 1851 1472 1842 1977 1845 1981 1821 1977 1787 1223 1785 1221 1785 1220 1785 1218 1785 1207 1790 1209 1826"/></Shape>
	    <String CONTENT="dei, id eſt, nouæ uitæ &amp; ſpiritualis. Sic enim"
                    HPOS="1207.0"
                    VPOS="1785.0"
                    WIDTH="774.0"
                    HEIGHT="68.0"
                    WC="0.9793691492598989"></String>
          </TextLine>
          <TextLine ID="line_86"
                    TAGREFS="LT8"
                    BASELINE="1211 1872 1983 1867" 
                    HPOS="1209.0"
                    VPOS="1833.0"
                    WIDTH="774.0"
                    HEIGHT="59.0">
            <Shape><Polygon POINTS="1211 1872 1211 1890 1979 1892 1983 1867 1977 1833 1209 1840 1211 1872"/></Shape>
	    <String CONTENT="in omnibus rebus uideas facultates agendi re"
                    HPOS="1209.0"
                    VPOS="1833.0"
                    WIDTH="774.0"
                    HEIGHT="59.0"
                    WC="0.9968549080870368"></String>
          </TextLine>
          <TextLine ID="line_87"
                    TAGREFS="LT8"
                    BASELINE="1211 1918 1983 1915" 
                    HPOS="1209.0"
                    VPOS="1877.0"
                    WIDTH="774.0"
                    HEIGHT="61.0">
            <Shape><Polygon POINTS="1211 1918 1211 1938 1981 1938 1983 1915 1979 1883 1209 1877 1211 1918"/></Shape>
	    <String CONTENT="ſpondere ſubſtantię &amp; primæ formæ rerum."
                    HPOS="1209.0"
                    VPOS="1877.0"
                    WIDTH="774.0"
                    HEIGHT="61.0"
                    WC="0.9834132034604143"></String>
          </TextLine>
          <TextLine ID="line_88"
                    TAGREFS="LT8"
                    BASELINE="1209 1963 1981 1957" 
                    HPOS="1207.0"
                    VPOS="1918.0"
                    WIDTH="774.0"
                    HEIGHT="66.0">
            <Shape><Polygon POINTS="1209 1963 1209 1981 1977 1984 1981 1957 1977 1929 1846 1929 1846 1927 1833 1918 1831 1918 1830 1918 1828 1918 1826 1918 1824 1918 1810 1927 1774 1918 1773 1918 1771 1918 1709 1927 1694 1929 1680 1927 1629 1920 1627 1920 1625 1920 1611 1927 1607 1929 1598 1927 1563 1920 1561 1920 1499 1927 1461 1931 1435 1927 1403 1922 1401 1922 1369 1927 1342 1931 1328 1927 1312 1922 1310 1922 1308 1922 1207 1925 1209 1963"/></Shape>
	    <String CONTENT="Præditus homo eſt facultate rationis ampli¬"
                    HPOS="1207.0"
                    VPOS="1918.0"
                    WIDTH="774.0"
                    HEIGHT="66.0"
                    WC="0.9910409339638644"></String>
          </TextLine>
          <TextLine ID="line_89"
                    TAGREFS="LT8"
                    BASELINE="1211 2009 1983 2005" 
                    HPOS="1209.0"
                    VPOS="1997.0"
                    WIDTH="774.0"
                    HEIGHT="32.0">
            <Shape><Polygon POINTS="1974 1997 1956 1997 1938 1997 1920 1997 1903 1997 1885 1997 1867 1997 1849 1997 1831 1997 1814 1997 1796 1997 1778 1997 1760 1997 1742 1997 1725 1997 1707 1997 1689 1997 1671 1997 1654 1997 1636 1997 1618 1997 1600 1997 1582 1997 1565 1997 1547 1997 1529 1997 1511 1997 1493 1997 1476 1997 1458 1997 1440 1997 1422 1997 1405 1997 1387 1997 1369 1997 1351 1997 1333 1997 1316 1997 1298 1997 1280 1997 1262 1997 1244 1997 1227 1997 1209 1997 1211 2009 1211 2025 1979 2029 1983 2005 1981 1997 1974 1997"/></Shape>
	    <String CONTENT="oris, qua bruta deſtituuntur, at data ea ratio"
                    HPOS="1209.0"
                    VPOS="1997.0"
                    WIDTH="774.0"
                    HEIGHT="32.0"></String>
          </TextLine>
          <TextLine ID="line_90"
                    TAGREFS="LT8"
                    BASELINE="1211 2055 1983 2052" 
                    HPOS="1209.0"
                    VPOS="2013.0"
                    WIDTH="774.0"
                    HEIGHT="64.0">
            <Shape><Polygon POINTS="1211 2055 1211 2075 1979 2077 1983 2052 1979 2020 1236 2013 1234 2013 1232 2013 1209 2021 1211 2055"/></Shape>
	    <String CONTENT="eſt, ꝓ ꝓportione animę, quæ itẽ homini ſub"
                    HPOS="1209.0"
                    VPOS="2013.0"
                    WIDTH="774.0"
                    HEIGHT="64.0"
                    WC="0.9743659645318985"></String>
          </TextLine>
          <TextLine ID="line_91"
                    TAGREFS="LT8"
                    BASELINE="1211 2100 1983 2094" 
                    HPOS="1209.0"
                    VPOS="2064.0"
                    WIDTH="774.0"
                    HEIGHT="55.0">
            <Shape><Polygon POINTS="1211 2100 1211 2117 1979 2119 1983 2094 1979 2066 1209 2064 1211 2100"/></Shape>
	    <String CONTENT="limior eſt,  brutis. Sicuita noua, uita Deito"
                    HPOS="1209.0"
                    VPOS="2064.0"
                    WIDTH="774.0"
                    HEIGHT="55.0"
                    WC="0.9771893659363622"></String>
          </TextLine>
          <TextLine ID="line_92"
                    TAGREFS="LT8"
                    BASELINE="1212 2144 1984 2141" 
                    HPOS="1211.0"
                    VPOS="2105.0"
                    WIDTH="773.0"
                    HEIGHT="62.0">
            <Shape><Polygon POINTS="1212 2144 1212 2167 1983 2164 1984 2141 1981 2110 1211 2105 1212 2144"/></Shape>
	    <String CONTENT="ta eſt à fide, fide enim filij Dei ſumus. Sicut er¬"
                    HPOS="1211.0"
                    VPOS="2105.0"
                    WIDTH="773.0"
                    HEIGHT="62.0"
                    WC="0.9815622877616149"></String>
          </TextLine>
          <TextLine ID="line_93"
                    TAGREFS="LT8"
                    BASELINE="1214 2192 1990 2185" 
                    HPOS="1212.0"
                    VPOS="2146.0"
                    WIDTH="778.0"
                    HEIGHT="71.0">
            <Shape><Polygon POINTS="1214 2192 1214 2217 1988 2206 1990 2185 1986 2155 1847 2146 1846 2146 1691 2157 1684 2157 1682 2157 1671 2148 1670 2148 1668 2148 1666 2148 1664 2148 1662 2148 1650 2157 1648 2157 1568 2150 1566 2150 1565 2150 1545 2158 1543 2158 1536 2158 1463 2150 1461 2150 1460 2150 1440 2158 1410 2150 1408 2150 1406 2150 1405 2150 1403 2150 1389 2160 1387 2160 1373 2160 1278 2151 1276 2151 1212 2160 1214 2192"/></Shape>
	    <String CONTENT="go pro modo fidei eſt modus totius uitęno¬"
                    HPOS="1212.0"
                    VPOS="2146.0"
                    WIDTH="778.0"
                    HEIGHT="71.0"
                    WC="0.9813320207041364"></String>
          </TextLine>
          <TextLine ID="line_94"
                    TAGREFS="LT8"
                    BASELINE="1212 2237 1991 2237" 
                    HPOS="1212.0"
                    VPOS="2206.0"
                    WIDTH="779.0"
                    HEIGHT="52.0">
            <Shape><Polygon POINTS="1212 2237 1212 2258 1991 2256 1991 2237 1991 2206 1212 2206 1212 2237"/></Shape>
	    <String CONTENT="uæ &amp; cœleſtis, ad eundem modum merito"
                    HPOS="1212.0"
                    VPOS="2206.0"
                    WIDTH="779.0"
                    HEIGHT="52.0"
                    WC="0.9908175855069548"></String>
          </TextLine>
          <TextLine ID="line_95"
                    TAGREFS="LT8"
                    BASELINE="1212 2281 1993 2281" 
                    HPOS="1212.0"
                    VPOS="2251.0"
                    WIDTH="781.0"
                    HEIGHT="55.0">
            <Shape><Polygon POINTS="1212 2281 1212 2301 1991 2306 1993 2281 1993 2251 1212 2251 1212 2281"/></Shape>
	    <String CONTENT="attemperantur etiam facultates actionum hu"
                    HPOS="1212.0"
                    VPOS="2251.0"
                    WIDTH="781.0"
                    HEIGHT="55.0"
                    WC="0.9977260870592934"></String>
          </TextLine>
          <TextLine ID="line_96"
                    TAGREFS="LT8"
                    BASELINE="1212 2329 1657 2326" 
                    HPOS="1211.0"
                    VPOS="2294.0"
                    WIDTH="446.0"
                    HEIGHT="55.0">
            <Shape><Polygon POINTS="1212 2329 1212 2349 1657 2342 1657 2326 1652 2294 1211 2294 1212 2329"/></Shape>
	    <String CONTENT="ius nouæ &amp; diuinæ uitæ."
                    HPOS="1211.0"
                    VPOS="2294.0"
                    WIDTH="446.0"
                    HEIGHT="55.0"
                    WC="0.9813602825869685"></String>
          </TextLine>
        </TextBlock>
        <TextBlock HPOS="1214"
                   VPOS="2341"
                   WIDTH="796"
                   HEIGHT="569"
                   ID="block_8"
                   TAGREFS="BT1797">
          <Shape><Polygon POINTS="2010 2341 2010 2910 1214 2910 1214 2341"/></Shape>
          <TextLine ID="line_120"
                    TAGREFS="LT8"
                    BASELINE="1243 2370 1999 2375" 
                    HPOS="1241.0"
                    VPOS="2329.0"
                    WIDTH="758.0"
                    HEIGHT="66.0">
            <Shape><Polygon POINTS="1243 2370 1241 2388 1995 2395 1999 2375 1995 2340 1915 2342 1910 2338 1894 2331 1892 2331 1890 2331 1888 2331 1867 2338 1860 2342 1853 2338 1838 2331 1837 2331 1835 2331 1833 2331 1831 2331 1824 2338 1819 2343 1750 2343 1737 2338 1710 2329 1709 2329 1622 2329 1620 2329 1618 2329 1616 2329 1606 2338 1604 2340 1602 2338 1593 2331 1591 2331 1590 2331 1588 2331 1534 2338 1517 2340 1511 2338 1497 2331 1495 2331 1493 2331 1243 2336 1243 2370"/></Shape>
	    <String CONTENT="Inter has initio Eccleſiæ frequens ſanè trat"
                    HPOS="1241.0"
                    VPOS="2329.0"
                    WIDTH="758.0"
                    HEIGHT="66.0"
                    WC="0.9931296202871535"></String>
          </TextLine>
          <TextLine ID="line_121"
                    TAGREFS="LT8"
                    BASELINE="1218 2418 1999 2422" 
                    HPOS="1214.0"
                    VPOS="2376.0"
                    WIDTH="783.0"
                    HEIGHT="70.0">
            <Shape><Polygon POINTS="1217 2416 1214 2446 1994 2446 1997 2419 1994 2379 1217 2376 1217 2416"/></Shape>
	    <String CONTENT="prophetia, ut &amp; donum ſanitatum, linguarũ"
                    HPOS="1214.0"
                    VPOS="2376.0"
                    WIDTH="783.0"
                    HEIGHT="70.0"
                    WC="0.9985316140311105"></String>
          </TextLine>
          <TextLine ID="line_122"
                    TAGREFS="LT8"
                    BASELINE="1218 2462 1999 2462" 
                    HPOS="1217.0"
                    VPOS="2427.0"
                    WIDTH="780.0"
                    HEIGHT="64.0">
            <Shape><Polygon POINTS="1217 2459 1217 2486 1994 2491 1997 2459 1997 2427 1217 2427 1217 2459"/></Shape>
	    <String CONTENT="&amp; alia, quæ infra.1.Cor.12.enumerantuir, Ec"
                    HPOS="1217.0"
                    VPOS="2427.0"
                    WIDTH="780.0"
                    HEIGHT="64.0"
                    WC="0.9726860121239064"></String>
          </TextLine>
          <TextLine ID="line_123"
                    TAGREFS="LT8"
                    BASELINE="1209 2509 1999 2509" 
                    HPOS="1206.0"
                    VPOS="2472.0"
                    WIDTH="791.0"
                    HEIGHT="62.0">
            <Shape><Polygon POINTS="1206 2507 1206 2534 1997 2534 1997 2507 1997 2472 1206 2472 1206 2507"/></Shape>
	    <String CONTENT="nim uolebat Dominus donum Euangelij &amp;"
                    HPOS="1206.0"
                    VPOS="2472.0"
                    WIDTH="791.0"
                    HEIGHT="62.0"
                    WC="0.9980649190980035"></String>
          </TextLine>
          <TextLine ID="line_124"
                    TAGREFS="LT8"
                    BASELINE="1211 2553 2000 2557" 
                    HPOS="1209.0"
                    VPOS="2514.0"
                    WIDTH="791.0"
                    HEIGHT="68.0">
            <Shape><Polygon POINTS="1211 2553 1209 2573 1997 2582 2000 2557 1999 2525 1606 2514 1604 2514 1211 2519 1211 2553"/></Shape>
	    <String CONTENT="potentiam ſpiritus ſancti, quem in credentes"
                    HPOS="1209.0"
                    VPOS="2514.0"
                    WIDTH="791.0"
                    HEIGHT="68.0"
                    WC="0.9879798780788075"></String>
          </TextLine>
          <TextLine ID="line_125"
                    TAGREFS="LT8"
                    BASELINE="1211 2598 2004 2603" 
                    HPOS="1209.0"
                    VPOS="2567.0"
                    WIDTH="795.0"
                    HEIGHT="59.0">
            <Shape><Polygon POINTS="1211 2598 1209 2614 1474 2626 1476 2626 2002 2623 2004 2603 2002 2573 1211 2567 1211 2598"/></Shape>
	    <String CONTENT="ſibi effundit, orbi oſtentare quàm magnificen"
                    HPOS="1209.0"
                    VPOS="2567.0"
                    WIDTH="795.0"
                    HEIGHT="59.0"
                    WC="0.9930544391922329"></String>
          </TextLine>
          <TextLine ID="line_126"
                    TAGREFS="LT8"
                    BASELINE="1211 2644 2004 2649" 
                    HPOS="1209.0"
                    VPOS="2603.0"
                    WIDTH="795.0"
                    HEIGHT="64.0">
            <Shape><Polygon POINTS="1211 2644 1209 2665 2000 2667 2004 2649 2002 2617 1211 2603 1211 2644"/></Shape>
	    <String CONTENT="tiſſime, id́; non ſolum ut id temporis orbis"
                    HPOS="1209.0"
                    VPOS="2603.0"
                    WIDTH="795.0"
                    HEIGHT="64.0"
                    WC="0.9854259212811788"></String>
          </TextLine>
          <TextLine ID="line_127"
                    TAGREFS="LT8"
                    BASELINE="1211 2690 2002 2697" 
                    HPOS="1209.0"
                    VPOS="2656.0"
                    WIDTH="793.0"
                    HEIGHT="64.0">
            <Shape><Polygon POINTS="1211 2690 1209 2704 1252 2715 1253 2715 1497 2711 1604 2710 1999 2720 2002 2697 2000 2665 1211 2656 1211 2690"/></Shape>
	    <String CONTENT="totus in admirationem Euãgelij excitaretur,"
                    HPOS="1209.0"
                    VPOS="2656.0"
                    WIDTH="793.0"
                    HEIGHT="64.0"
                    WC="0.991438861597668"></String>
          </TextLine>
          <TextLine ID="line_128"
                    TAGREFS="LT8"
                    BASELINE="1212 2735 2006 2740" 
                    HPOS="1211.0"
                    VPOS="2699.0"
                    WIDTH="795.0"
                    HEIGHT="59.0">
            <Shape><Polygon POINTS="1212 2735 1211 2754 2002 2758 2006 2740 2006 2710 1212 2699 1212 2735"/></Shape>
	    <String CONTENT="quod tamen ilico mirifice factum eſt, uerum"
                    HPOS="1211.0"
                    VPOS="2699.0"
                    WIDTH="795.0"
                    HEIGHT="59.0"
                    WC="0.9769754576128583"></String>
          </TextLine>
          <TextLine ID="line_129"
                    TAGREFS="LT8"
                    BASELINE="1211 2779 2006 2786" 
                    HPOS="1209.0"
                    VPOS="2745.0"
                    WIDTH="797.0"
                    HEIGHT="66.0">
            <Shape><Polygon POINTS="1211 2779 1209 2797 1230 2806 1232 2806 1234 2806 1380 2799 1401 2799 1406 2806 1408 2806 1408 2807 1410 2807 1412 2807 1413 2807 1540 2802 1597 2800 1609 2804 1627 2809 1629 2809 1630 2809 1705 2806 1783 2802 2002 2811 2006 2786 2004 2756 1838 2756 1835 2754 1808 2745 1806 2745 1805 2745 1211 2747 1211 2779"/></Shape>
	    <String CONTENT="etiam ut exemplum eſſet uirtutis Chriſti dla¬"
                    HPOS="1209.0"
                    VPOS="2745.0"
                    WIDTH="797.0"
                    HEIGHT="66.0"
                    WC="0.9873239835103352"></String>
          </TextLine>
          <TextLine ID="line_130"
                    TAGREFS="LT8"
                    BASELINE="1207 2827 2009 2831" 
                    HPOS="1205.0"
                    VPOS="2788.0"
                    WIDTH="804.0"
                    HEIGHT="66.0">
            <Shape><Polygon POINTS="1207 2827 1205 2843 1227 2852 1228 2852 1230 2852 1454 2845 1511 2845 2006 2854 2009 2831 2009 2799 1719 2790 1718 2790 1657 2797 1639 2799 1630 2797 1600 2788 1598 2788 1597 2788 1529 2797 1524 2797 1517 2797 1454 2788 1453 2788 1207 2795 1207 2827"/></Shape>
	    <String CONTENT="riſſimum ſanctis ad finem uſ ſæculi adfu¬"
                    HPOS="1205.0"
                    VPOS="2788.0"
                    WIDTH="804.0"
                    HEIGHT="66.0"
                    WC="0.9963611946219489"></String>
          </TextLine>
          <TextLine ID="line_131"
                    TAGREFS="LT8"
                    BASELINE="1205 2873 2009 2879" 
                    HPOS="1204.0"
                    VPOS="2832.0"
                    WIDTH="805.0"
                    HEIGHT="96.0">
            <Shape><Polygon POINTS="1205 2873 1204 2904 1243 2927 1244 2927 1246 2927 1248 2928 1357 2928 1357 2927 1358 2927 1360 2927 1401 2902 1405 2900 1417 2902 1549 2928 1550 2928 1552 2928 1593 2918 1632 2928 1634 2928 1636 2928 1638 2928 1659 2918 1750 2921 1751 2921 1753 2921 1755 2921 1755 2920 1769 2905 1773 2904 2006 2907 2009 2879 2007 2845 1205 2832 1205 2873"/></Shape>
	    <String CONTENT="turæ, unde facile omnium fiducia in Chriſtũ"
                    HPOS="1204.0"
                    VPOS="2832.0"
                    WIDTH="805.0"
                    HEIGHT="96.0"
                    WC="0.96896854178472"></String>
          </TextLine>
        </TextBlock>
        <TextBlock HPOS="197.0"
                   VPOS="387.0"
                   WIDTH="172.0"
                   HEIGHT="143.0"
                   ID="block_2"
                   TAGREFS="BT1799">
          <Shape><Polygon POINTS="369 387 369 530 197 530 197 387"/></Shape>
          <TextLine ID="line_0"
                    TAGREFS="LT8"
                    BASELINE="197 416 364 419" 
                    HPOS="195.0"
                    VPOS="373.0"
                    WIDTH="169.0"
                    HEIGHT="62.0">
            <Shape><Polygon POINTS="197 416 195 435 362 435 364 419 364 378 197 373 197 416"/></Shape>
	    <String CONTENT="Agereſua ett"
                    HPOS="195.0"
                    VPOS="373.0"
                    WIDTH="169.0"
                    HEIGHT="62.0"
                    WC="0.9538727849721909"></String>
          </TextLine>
          <TextLine ID="line_1"
                    TAGREFS="LT8"
                    BASELINE="200 458 345 458" 
                    HPOS="200.0"
                    VPOS="426.0"
                    WIDTH="145.0"
                    HEIGHT="66.0">
            <Shape><Polygon POINTS="200 458 200 485 254 478 268 487 270 490 272 490 273 490 275 492 313 492 313 490 314 490 316 490 316 489 327 480 339 490 345 458 343 426 200 430 200 458"/></Shape>
	    <String CONTENT="σωφρo¬"
                    HPOS="200.0"
                    VPOS="426.0"
                    WIDTH="145.0"
                    HEIGHT="66.0"
                    WC="0.8843500912189484"></String>
          </TextLine>
          <TextLine ID="line_2"
                    TAGREFS="LT8"
                    BASELINE="202 503 307 506" 
                    HPOS="200.0"
                    VPOS="467.0"
                    WIDTH="107.0"
                    HEIGHT="82.0">
            <Shape><Polygon POINTS="202 503 200 544 252 540 304 549 307 506 307 478 202 467 202 503"/></Shape>
	    <String CONTENT="veîp."
                    HPOS="200.0"
                    VPOS="467.0"
                    WIDTH="107.0"
                    HEIGHT="82.0"
                    WC="0.9906216760476431"></String>
          </TextLine>
        </TextBlock>
        <TextBlock HPOS="208.0"
                   VPOS="1130.0"
                   WIDTH="174.0"
                   HEIGHT="93.0"
                   ID="block_1"
                   TAGREFS="BT1799">
          <Shape><Polygon POINTS="382 1130 382 1223 208 1223 208 1130"/></Shape>
          <TextLine ID="line_4"
                    TAGREFS="LT8"
                    BASELINE="208 1161 394 1161" 
                    HPOS="208.0"
                    VPOS="1107.0"
                    WIDTH="186.0"
                    HEIGHT="79.0">
            <Shape><Polygon POINTS="208 1161 208 1180 393 1186 394 1161 393 1107 289 1125 208 1107 208 1161"/></Shape>
	    <String CONTENT="rides prore"
                    HPOS="208.0"
                    VPOS="1107.0"
                    WIDTH="186.0"
                    HEIGHT="79.0"
                    WC="0.9965084195137024"></String>
          </TextLine>
          <TextLine ID="line_5"
                    TAGREFS="LT8"
                    BASELINE="208 1196 323 1200" 
                    HPOS="206.0"
                    VPOS="1166.0"
                    WIDTH="117.0"
                    HEIGHT="87.0">
            <Shape><Polygon POINTS="208 1196 206 1230 320 1253 323 1200 321 1173 208 1166 208 1196"/></Shape>
	    <String CONTENT="ugtons."
                    HPOS="206.0"
                    VPOS="1166.0"
                    WIDTH="117.0"
                    HEIGHT="87.0"
                    WC="0.9256941335541862"></String>
          </TextLine>
        </TextBlock>
        <TextBlock HPOS="223.0"
                   VPOS="1955.0"
                   WIDTH="174.0"
                   HEIGHT="56.0"
                   ID="block_5"
                   TAGREFS="BT1799">
          <Shape><Polygon POINTS="397 1955 397 2011 223 2011 223 1955"/></Shape>
          <TextLine ID="line_28"
                    TAGREFS="LT8"
                    BASELINE="220 1982 394 1982" 
                    HPOS="220.0"
                    VPOS="1927.0"
                    WIDTH="174.0"
                    HEIGHT="93.0">
            <Shape><Polygon POINTS="220 1982 220 2005 261 2020 263 2020 265 2020 394 2005 394 1982 391 1927 343 1943 268 1943 261 1940 250 1933 248 1933 247 1933 245 1933 243 1933 220 1943 220 1982"/></Shape>
	    <String CONTENT="Vnscorpm."
                    HPOS="220.0"
                    VPOS="1927.0"
                    WIDTH="174.0"
                    HEIGHT="93.0"
                    WC="0.9913436108165317"></String>
          </TextLine>
        </TextBlock>
        <TextBlock HPOS="224.0"
                   VPOS="2440.0"
                   WIDTH="180.0"
                   HEIGHT="155.0"
                   ID="block_3"
                   TAGREFS="BT1799">
          <Shape><Polygon POINTS="404 2440 404 2595 224 2595 224 2440"/></Shape>
          <TextLine ID="line_108"
                    TAGREFS="LT8"
                    BASELINE="222 2466 400 2465" 
                    HPOS="221"
                    VPOS="2414"
                    WIDTH="176"
                    HEIGHT="77">
            <Shape><Polygon POINTS="221 2464 221 2491 397 2486 397 2464 395 2422 291 2427 285 2427 253 2414 250 2414 248 2414 245 2414 221 2424 221 2464"/></Shape>
	    <String CONTENT="Vnicni cer"
                    HPOS="221"
                    VPOS="2414"
                    WIDTH="176"
                    HEIGHT="77"
                    WC="0.9105597192590887"></String>
          </TextLine>
          <TextLine ID="line_109"
                    TAGREFS="LT8"
                    BASELINE="222 2503 369 2502 403 2506" 
                    HPOS="218"
                    VPOS="2470"
                    WIDTH="182"
                    HEIGHT="56">
            <Shape><Polygon POINTS="221 2502 221 2526 400 2526 400 2504 397 2470 218 2470 221 2502"/></Shape>
	    <String CONTENT="ta &amp; propria"
                    HPOS="218"
                    VPOS="2470"
                    WIDTH="182"
                    HEIGHT="56"
                    WC="0.9920451293389002"></String>
          </TextLine>
          <TextLine ID="line_47"
                    TAGREFS="LT8"
                    BASELINE="222 2535 384 2534" 
                    HPOS="220.0"
                    VPOS="2509.0"
                    WIDTH="164.0"
                    HEIGHT="44.0">
            <Shape><Polygon POINTS="222 2535 222 2553 382 2551 384 2534 380 2511 220 2509 222 2535"/></Shape>
	    <String CONTENT="actioincxr¬"
                    HPOS="220.0"
                    VPOS="2509.0"
                    WIDTH="164.0"
                    HEIGHT="44.0"
                    WC="0.9994706294753335"></String>
          </TextLine>
          <TextLine ID="line_48"
                    TAGREFS="LT8"
                    BASELINE="222 2575 385 2567" 
                    HPOS="220.0"
                    VPOS="2539.0"
                    WIDTH="165.0"
                    HEIGHT="68.0">
            <Shape><Polygon POINTS="222 2575 224 2607 268 2596 300 2601 343 2607 345 2607 346 2607 385 2592 385 2567 380 2539 220 2548 222 2575"/></Shape>
	    <String CONTENT="pore Chriſii"
                    HPOS="220.0"
                    VPOS="2539.0"
                    WIDTH="165.0"
                    HEIGHT="68.0"
                    WC="0.9741163452466329"></String>
          </TextLine>
        </TextBlock>
        <TextBlock HPOS="1962.0"
                   VPOS="126.0"
                   WIDTH="139.0"
                   HEIGHT="116.0"
                   ID="eSc_textblock_58597596"
                   TAGREFS="BT1799">
          <Shape><Polygon POINTS="2101 242 2098 126 1962 126 1962 242"/></Shape>
          <TextLine ID="eSc_line_a2f8e5d7"
                    TAGREFS="LT8"
                    BASELINE="1979 169 2071 167" 
                    HPOS="1978"
                    VPOS="93"
                    WIDTH="91"
                    HEIGHT="93">
            <Shape><Polygon POINTS="2002 136 1986 138 1978 168 1978 184 2066 186 2069 165 2058 93 2005 112 2002 136"/></Shape>
	    <String CONTENT="Qun¬"
                    HPOS="1978"
                    VPOS="93"
                    WIDTH="91"
                    HEIGHT="93"
                    WC="0.9897772520780563"></String>
          </TextLine>
          <TextLine ID="eSc_line_4c5e76af"
                    TAGREFS="LT8"
                    BASELINE="1979 207 2006 202 2061 202" 
                    HPOS="1975"
                    VPOS="168"
                    WIDTH="83"
                    HEIGHT="64">
            <Shape><Polygon POINTS="1978 205 1978 232 2058 232 2058 200 2053 168 1975 168 1978 205"/></Shape>
	    <String CONTENT="phert.."
                    HPOS="1975"
                    VPOS="168"
                    WIDTH="83"
                    HEIGHT="64"
                    WC="0.9536105820110866"></String>
          </TextLine>
        </TextBlock>
        <TextBlock HPOS="1981.0"
                   VPOS="498.0"
                   WIDTH="122.0"
                   HEIGHT="88.0"
                   ID="block_4"
                   TAGREFS="BT1799">
          <Shape><Polygon POINTS="2103 498 2103 586 1981 586 1981 498"/></Shape>
          <TextLine ID="line_118"
                    TAGREFS="LT8"
                    BASELINE="1984 529 2084 528" 
                    HPOS="1983.0"
                    VPOS="458.0"
                    WIDTH="101.0"
                    HEIGHT="87.0">
            <Shape><Polygon POINTS="1984 529 1984 545 2084 545 2084 528 2079 458 1983 478 1984 529"/></Shape>
	    <String CONTENT="Semai"
                    HPOS="1983.0"
                    VPOS="458.0"
                    WIDTH="101.0"
                    HEIGHT="87.0"
                    WC="0.8702060580253601"></String>
          </TextLine>
          <TextLine ID="line_119"
                    TAGREFS="LT8"
                    BASELINE="1995 563 2070 565" 
                    HPOS="1993.0"
                    VPOS="529.0"
                    WIDTH="77.0"
                    HEIGHT="77.0">
            <Shape><Polygon POINTS="1995 563 1993 602 2029 606 2031 606 2032 606 2068 590 2070 565 2068 529 1995 531 1995 563"/></Shape>
	    <String CONTENT="aunt"
                    HPOS="1993.0"
                    VPOS="529.0"
                    WIDTH="77.0"
                    HEIGHT="77.0"
                    WC="0.837104395031929"></String>
          </TextLine>
        </TextBlock>
        <TextBlock HPOS="2008.0"
                   VPOS="2369.0"
                   WIDTH="96.0"
                   HEIGHT="169.0"
                   ID="eSc_textblock_7bb1830e"
                   TAGREFS="BT1799">
          <Shape><Polygon POINTS="2008 2375 2011 2538 2104 2521 2104 2369"/></Shape>
          <TextLine ID="eSc_line_253317bb"
                    TAGREFS="LT8"
                    BASELINE="2020 2392 2094 2393" 
                    HPOS="2015"
                    VPOS="2371"
                    WIDTH="78"
                    HEIGHT="35">
            <Shape><Polygon POINTS="2071 2371 2045 2374 2018 2374 2018 2390 2015 2406 2090 2406 2093 2392 2093 2371 2071 2371"/></Shape>
	    <String CONTENT="Quam"
                    HPOS="2015"
                    VPOS="2371"
                    WIDTH="78"
                    HEIGHT="35"></String>
          </TextLine>
          <TextLine ID="eSc_line_2262f1d8"
                    TAGREFS="LT8"
                    BASELINE="2016 2422 2099 2422" 
                    HPOS="2015"
                    VPOS="2403"
                    WIDTH="83"
                    HEIGHT="43">
            <Shape><Polygon POINTS="2069 2403 2042 2403 2015 2403 2015 2419 2015 2446 2098 2443 2098 2419 2098 2403 2095 2403"/></Shape>
	    <String CONTENT="Eccleſie"
                    HPOS="2015"
                    VPOS="2403"
                    WIDTH="83"
                    HEIGHT="43"></String>
          </TextLine>
          <TextLine ID="eSc_line_8cb2d91c"
                    TAGREFS="LT8"
                    BASELINE="2016 2462 2099 2458" 
                    HPOS="2013"
                    VPOS="2427"
                    WIDTH="85"
                    HEIGHT="53">
            <Shape><Polygon POINTS="2015 2459 2015 2480 2098 2478 2098 2456 2090 2427 2013 2427 2015 2459"/></Shape>
	    <String CONTENT="ædebamus"
                    HPOS="2013"
                    VPOS="2427"
                    WIDTH="85"
                    HEIGHT="53"></String>
          </TextLine>
          <TextLine ID="eSc_line_fc3438a5"
                    TAGREFS="LT8"
                    BASELINE="2017 2502 2021 2502 2097 2498" 
                    HPOS="2013"
                    VPOS="2459"
                    WIDTH="82"
                    HEIGHT="88">
            <Shape><Polygon POINTS="2015 2499 2015 2547 2095 2547 2095 2496 2087 2459 2013 2459 2015 2499"/></Shape>
	    <String CONTENT="miracula."
                    HPOS="2013"
                    VPOS="2459"
                    WIDTH="82"
                    HEIGHT="88"></String>
          </TextLine>
        </TextBlock>
        <TextBlock HPOS="1736.0"
                   VPOS="2899.0"
                   WIDTH="274.0"
                   HEIGHT="59.0"
                   ID="eSc_textblock_f3b67b73"
                   TAGREFS="BT17">
          <Shape><Polygon POINTS="1736 2958 1736 2899 2010 2899 2010 2958"/></Shape>
          <TextLine ID="line_132"
                    TAGREFS="LT8"
                    BASELINE="1762 2921 2000 2928" 
                    HPOS="1760"
                    VPOS="2884"
                    WIDTH="240"
                    HEIGHT="108">
            <Shape><Polygon POINTS="1762 2921 1760 2969 1790 2971 1792 2973 1815 2991 1817 2991 1819 2991 1879 2992 1881 2992 1883 2992 1911 2984 1920 2980 1929 2984 1942 2991 1943 2991 1945 2991 1997 2989 2000 2928 2000 2896 1762 2884 1762 2921"/></Shape>
	    <String CONTENT="firmareur."
                    HPOS="1760"
                    VPOS="2884"
                    WIDTH="240"
                    HEIGHT="108"
                    WC="0.9848594963550568"></String>
          </TextLine>
        </TextBlock>
      </PrintSpace>
    </Page>
  </Layout>
</alto>
