2111 3183
721.0 67.0 975.0 95.0 ENARRATIONES EPISTOLAE

401.0 76.0 131.0 95.0 464

406.0 137.0 775.0 93.0 modo ſemper illis utatur, aut ſibi de eis place

408.0 206.0 773.0 75.0 at, præ ſe alios contemnat, quem abuſum cor

406.0 251.0 775.0 75.0 rigit Apoſtolus.1.Cor.12.13.&.14. at quia ne

410.0 302.0 768.0 58.0 mo loquẽs ex ſpiritu poteſt dicere dominum

412.0 343.0 764.0 63.0 Ieſum anathema. 1.Cor.12. nemo uti dono

410.0 390.0 768.0 60.0 hoc prophetię docebit falſa. Sed reſpondebũt

408.0 435.0 766.0 67.0 ad hæc, qui poſteriorem interpretationem ſe¬

412.0 480.0 761.0 59.0 quuntur, illud, κατὰ ἀναλογίαν πίστεως,

412.0 525.0 762.0 62.0 adiectum eſſe, ut proprietatẽ ueræ prophetię,

412.0 572.0 761.0 66.0 qua dinoſcendum ſit, quæ ſit uerbi Dei uera,

414.0 622.0 766.0 51.0 quæ falſa enarratio, qui falſo, qui uere pro

414.0 657.0 764.0 71.0 phetæ & uerbi Dei interpretes at enarrato¬

415.0 703.0 759.0 64.0 res. Quicquid enim ex ſpiritu ſancto docet̃,

415.0 753.0 765.0 58.0 id totum fidei congruat oportet, hoc eſt, Chri

414.0 802.0 762.0 55.0 ſtum unum ſeruatorem noſtrum prædicet,

415.0 847.0 763.0 61.0 & uerbo eius omnia ſubijciat. Quod cum

415.0 887.0 767.0 66.0 quicun praue docent, non præſtant, recte

414.0 938.0 764.0 54.0 conuincuntur, quæ præcipiunt & docent, ea

414.0 977.0 764.0 57.0 nequa̃ præcipere & docere inſtinctos ſpiri¬

414.0 1020.0 766.0 62.0 ̃̃tu ſancto, quamuis ſe de illo iactent. Quæ em̃

415.0 1075.0 765.0 49.0 uera prophetia eſt & ſyncera uerbi Dei inter¬

415.0 1112.0 767.0 62.0 pretatio, ea fidei ſemper reſpõdet. Habes opti

417.0 1161.0 765.0 59.0 me lector & ueterum & recentium interpretũ

415.0 1209.0 765.0 51.0 loci huius interpretationẽ, tu iudica utra uer¬

415.0 1250.0 648.0 56.0 bis Apoſtoli magis conſona uideatur.

460.0 1289.0 722.0 62.0 Siue miniſterium in miniſterio. ] Miniſte¬

422.0 1334.0 754.0 69.0 rium ſimpliciter poſitum aliquando genera¬

422.0 1381.0 756.0 61.0 liter accipit̃ pro omni adminiſtrarione Euan¬

415.0 1427.0 765.0 63.0 gelij, & eorum quæ ad profectum huius faci¬

417.0 1474.0 766.0 59.0 unt. Sic uſus eſt Paulus hac uoce ſupra. 11.Vt

415.0 1522.0 768.0 58.0 glorificem miniſteriũ meum, ubi miniſteriũ

417.0 1573.0 765.0 50.0 dixit pro Apoſtolatu ſuo ad Gentes. Eodem

414.0 1610.0 768.0 59.0 ſignificatu uſus eſt hoc nomine &.2. Cor.3.

414.0 1656.0 766.0 55.0 ubi miniſteriũ Euangelij & legis inter ſe con¬

415.0 1708.0 768.0 53.0 fert. Item in eadem epiſtola. 6.cum ait, ut non

415.0 1745.0 767.0 55.0 uituperetur miniſterium noſtrum. Et Eph.4.

415.0 1791.0 765.0 56.0 cum memorat dominũ dediſſe Eccleſiæ Apo¬

415.0 1837.0 767.0 58.0 ſtolos, Prophetas, Euangeliſtas, Doctores

414.0 1885.0 766.0 54.0 & Paſtores, in opus miniſterij. Item. 2. Ti¬

412.0 1929.0 770.0 60.0 moth. 4. cum hortatur Timotheum, miniſte¬

414.0 1973.0 766.0 58.0 rium ſuum implere. In his locis miniſterium

414.0 2019.0 768.0 53.0 accipitur pro tota diſpenſatione Euangelij, &

414.0 2065.0 768.0 55.0 adminiſtratione Eccleſiæ. Nonnun̃ autem

415.0 2114.0 763.0 53.0 accipitur, cum ſimpliciter ponitur, pro admi¬

414.0 2157.0 768.0 51.0 niſtratione rerum, quibus uita corporis ſu¬

414.0 2194.0 769.0 58.0 ſtentatur. Vnde & διὰκονοι id, eſt, miniſtri

414.0 2240.0 768.0 64.0 ſimpliciter Apoſtolis dicti ſunt. Hinc.2.Cor.

415.0 2297.0 767.0 47.0 8. uocat id quod fratres Macedones contule¬

412.0 2335.0 766.0 54.0 rant in uſus pauperum Hieroſolymis κοινω

422.0 2373.0 751.0 69.0 νίαν τῆς διακονίας, τῆς εἰς πούς ἁγίους,

419.0 2421.0 757.0 67.0 id eſt, communionem miniſterij in ſanctos.

415.0 2465.0 765.0 67.0 D. Chryſoſtomo uidetur, miniſterium hic

414.0 2518.0 759.0 58.0 priori illo & generali modo accipiendũ eſſe,

410.0 2562.0 766.0 56.0 & eſt ſane ueriſimile, nam uidetur miniſteriũ

410.0 2604.0 768.0 55.0 rerum quas poſcit uſus corporis infra pone¬

410.0 2648.0 764.0 59.0 re, cum ſubijcit. Qui impertit cum ſimplicita¬

408.0 2693.0 766.0 58.0 te. Vt ergo primo loco poſuit donum pro¬

408.0 2739.0 770.0 62.0 phetiæ, quod & rarius & ſublimius erat, ſed

406.0 2779.0 772.0 64.0 & eiuſmodi, ut ab eo prima Euangelij admi

406.0 2829.0 770.0 76.0 niſtratio cœpta fuerit. Ex reuelatione enim

1213.0 124.0 762.0 101.0 cœleſti Apoſtoli illud didicerunt, ita ſubiecit

1213.0 198.0 762.0 72.0 miniſterium Eceleſiæ in genere, quod multã

1213.0 246.0 757.0 69.0 adminiſtrant, qui tamen illo præcellenti di¬

1208.0 302.0 773.0 56.0 uinationis munere præditi non ſunt. Cum au

1210.0 339.0 775.0 58.0 tem hoc miniſteriũ, id eſt, Eccleſię adminiſtra¬

1210.0 385.0 773.0 60.0 tio hiſce potiſſimũ partibus cõſtat, doctrina,

1210.0 435.0 773.0 53.0 exhortatione, procuratione egentium, guber

1213.0 473.0 770.0 61.0 natione, deni ut quiſ de ſuo quo miſeris

1210.0 519.0 713.0 57.0 ſuccurrat, has partes ſubijcit nominatim.

1248.0 578.0 730.0 47.0 Porrò quòd ait, miniſteriũ in miniſterio,

1213.0 611.0 761.0 60.0 intelligit per alterum miniſterium, munus mi

1213.0 656.0 765.0 61.0 niſtrandi, adminiſtrationem ſcilicet Euãgelij,

1217.0 698.0 764.0 64.0 & quæ ad huius profectum faciunt, per alte¬

1219.0 744.0 764.0 69.0 rum, donum miniſtrandi, facultatem ſcilicet

1219.0 793.0 761.0 66.0 ſpiritus, qua rite & cum fructu miniſtratur,

1217.0 838.0 768.0 58.0 ut ſenſus ſit. Alius habet munus prophetiæ

1217.0 882.0 768.0 67.0 proportione fidei, eo́ etiam cum dono pro¬

1219.0 931.0 768.0 57.0 phetiæ: alius miniſterium, id eſt, munus mi¬

1215.0 972.0 770.0 60.0 niſtrandi in miniſterio, id eſt, cum ſingulari fa

1219.0 1020.0 768.0 58.0 cultate ſpiritus miniſtrãdi rite & cum fructu.

1217.0 1064.0 770.0 62.0 Sic eſt docens, hoc eſt, habens docẽdi munus

1217.0 1112.0 768.0 58.0 in doctrina, id eſt, cum uirtute & facultare ſpi¬

1220.0 1161.0 768.0 55.0 rituali ad hoc munus docẽdi rite obeundum:

1219.0 1206.0 768.0 54.0 Ita eſt exhortãs in exhortatione, hoc eſt, cum

1222.0 1248.0 766.0 58.0 munere exhortãdi, etiã præditus exhortandi

1217.0 1289.0 768.0 63.0 dono. Eſt impartiens, id eſt, Eccleſiæ miniſter

1219.0 1336.0 766.0 59.0 ad diſpenſandas facultates Eccleſię & ſancto¬

1222.0 1388.0 763.0 56.0 rum collationes, in uſus egentium, qui aliàs

1219.0 1428.0 762.0 62.0 Diaconus, id eſt, miniſter ſimpliciter dicitur,

1224.0 1477.0 756.0 61.0 cum dono impartiẽdi, quod hic exprimit eò,

1220.0 1524.0 761.0 55.0 quòd ait in ſimplicitate, hoc eſt, bona fide, ni¬

1219.0 1563.0 764.0 67.0 hil aliud reſpiciẽdo quàm quod oportet. Hoc

1219.0 1612.0 762.0 55.0 donum uiderur uocari ab Apoſtolo. 1.Cor.

1217.0 1660.0 768.0 53.0 12. ἀντιλήψεις. Eſt præterea qui præeſt, qui

1219.0 1706.0 764.0 60.0 paſcendi & regendi Eccleſiam munus accepit,

1220.0 1748.0 765.0 59.0 cum ſtudio, hoc eſt, dono ſpiritus, à quo ue¬

1219.0 1791.0 766.0 63.0 rum ſtudium & iuſta ſedulitas ſuppeditatur.

1220.0 1840.0 765.0 55.0 Hoc donum uocatur ad Corinthios κυβερ¬

1220.0 1885.0 768.0 63.0 νήσεις. Eſt miſerans, munus gerens conſulen

1219.0 1929.0 769.0 58.0 di adflictis & miſeris, in quo miniſterio pluri

1220.0 1975.0 768.0 62.0 mum moleſtiæ eſt, at qui etiam dono pollet

1219.0 2022.0 766.0 55.0 ad munus hoc rite obeundum, is citra mole¬

1217.0 2072.0 665.0 51.0 ſtiam, & hilariter munere eo fungetur.

1261.0 2111.0 726.0 58.0 In his igitur, miniſterium in miniſterio, do

1215.0 2152.0 772.0 65.0 cens in doctrina &c. interpretatus ſum par¬

1215.0 2206.0 766.0 55.0 ticulam, in, per, cum, id nam ualet præpo¬

1216.0 2244.0 764.0 68.0 ſitio נ, quam Apoſtolus hic per, in, reddit.

1213.0 2291.0 767.0 61.0 Scio plæroſ omnia illa, impartiens in ſim¬

1213.0 2343.0 779.0 61.0 plicitate, & miſerans in hilaritate, de priuata

1217.0 2387.0 775.0 55.0 quorumlibet impartitione & miſeratione in¬

1212.0 2426.0 782.0 62.0 terprerari, at Apoſtolus loquitur hic de publi

1212.0 2475.0 787.0 59.0 cis Eccleſiæ muneribus & donis, quibus ad

1213.0 2525.0 779.0 53.0 utilitatem communem totius corporis Do¬

1212.0 2562.0 785.0 63.0 minus quoſdam inſtruit, Satan autem nunc

1212.0 2610.0 782.0 65.0 hic tumorem aliquem ſuggerit contra alios,

1212.0 2656.0 787.0 65.0 nunc alijs accẽdit contra hos æmulationem.

1215.0 2700.0 782.0 69.0 Vt ergo auerteret Apoſtolus malum hoc,

1208.0 2751.0 795.0 60.0 monuit dona hæc à Domino diſtribui pro

1208.0 2793.0 796.0 61.0 menſura fidei, & non poſſe recte & ordine

1203.0 2834.0 801.0 89.0 geri, ſine certo dono & actu ſpiritus. Quaſi

224.0 1278.0 174.0 92.0 Miniſterium

228.0 1347.0 175.0 58.0 munus diſpen

223.0 1379.0 180.0 79.0 ſandi Euange

230.0 1425.0 81.0 69.0 lium.

228.0 2332.0 170.0 74.0 Miniſterium,

228.0 2387.0 175.0 55.0 diſpenſatio fa¬

225.0 2421.0 178.0 53.0 cultatũ Eccle

226.0 2457.0 138.0 50.0 ſiæ in uſus

225.0 2488.0 146.0 66.0 egentium.

1991.0 496.0 90.0 124.0 Miniſteriu Ec¬

1991.0 594.0 93.0 61.0 clesiastice par

1988.0 633.0 96.0 67.0 tes quæ

2002.0 1472.0 42.0 92.0 Diaconis

1994.0 2196.0 106.0 50.0 Faſtus &

1988.0 2222.0 109.0 56.0 latio te don

1991.0 2259.0 109.0 59.0 reconacii.

1826.0 2892.0 180.0 75.0 dixiſſes¬
