2149 3234
481 80 995 96 D. PAVLI AD ROMANOS CAP. XII.

1674.0 82.0 94.0 106.0 471

188 148 774 89 φεόνιμοι apuduos metipſos, per, uà voui¬

188.0 213.0 771.0 65.0 cεlε ἀρκᾶμ εαυτοῖς, ne puteris uos uobis

185.0 265.0 778.0 61.0 ipſis ſufficere, nihil enim inquir, ita attollit ani

185.0 314.0 778.0 54.0 mos, & abſcindit à reliquis, at exiſtimare

185.0 353.0 776.0 58.0 aliquem ſe ſibi ipſi ſatis eſſe. Vnde, quo nos

185.0 404.0 776.0 54.0 eoniungeret, iunctos́ teneret Deus, in tanta

186.0 447.0 769.0 57.0 poſuit neceſſitate, ut nemo non aliorum ope¬

183.0 490.0 774.0 65.0 ra indigeat. Conſentiunt ergo & hi ſanctiſſimi

185.0 540.0 772.0 56.0 patres Apoſtolum hoc loco hortari, ne apud

185.0 580.0 769.0 63.0 nos met ipſos nobis plus æquo tribuamus,

185.0 628.0 774.0 58.0 indeq inſoleſcamus, præ nobis humiliores

186.0 675.0 769.0 54.0 & uiliores homines contemnentes & negli¬

194 711 760 75 gentes. Dicir, apud uos met ipſos, dum enim

194 759 757 71 homo ſibi indulget, ſe ſolum reſpicit, non

194 803 757 64 Deum, cuius ſolius iudicio nos noſtraq́ nle

183.0 853.0 776.0 59.0 tiri oporter, tum alios, quibus Deus plura

183.0 901.0 769.0 56.0 ſæpe q̃̃ nobis contulit, & quales quales ſint,

181.0 941.0 769.0 68.0 ſiindigeãt opera noſtra nobis ita propoſuit,

188 983 766 70 ut in iſlis ipſe ſe coli à nobis poſtulat. Facile

181.0 1042.0 776.0 57.0 quiſ ipſe ſe probat, ſibiq deberi plurimum

181.0 1085.0 776.0 54.0 renſet, attollit animos & inſoleſcit, faſtidit &

181.0 1133.0 778.0 51.0 negligit Chriſtum in minimis ſuis, Deum in

176.0 1175.0 781.0 66.0 filijs ſuis. Hinc Apoſtolus taxans faſtum pſeu

181.0 1225.0 774.0 52.0 doapoſtolorum. 2.Cor.1o. ira de eis ſcribit.

179.0 1259.0 771.0 66.0 Sed illi cum metiuntur ſeipſos inter ſe ipſos,

179.0 1306.0 780.0 61.0 & cõferunt ſe ipſos ſibi ipſis, deſipiũt. Monet

181.0 1365.0 773.0 48.0 ergo hic Apoſtolus, nenoſtro de nobis ipſis

177.0 1397.0 778.0 60.0 iudicio fidamus, indet ut ſolet fieri animos

177.0 1449.0 777.0 54.0 tollamus, acita nos officijs & miniſterijs ſub

177.0 1496.0 775.0 54.0 ducamus ijs, quæ debemus fratribus & ꝓxi¬

177.0 1546.0 712.0 53.0 mis alijs, quibus nos Dominus adduxir

186.0 1581.0 769.0 61.0 Nemini malum pro malo. I Ipſo nomine

176.0 1633.0 779.0 52.0 mali deterrer à uindicta. Bonos ſiquidem ſem

174.0 1676.0 569.0 64.0 per bona facere præſtare́ decer.

217.0 1719.0 735.0 59.0 Proſpicite ut corã omnibus hominibus.T

176.0 1762.0 783.0 61.0 Præcipua enim cura & diligentia peracri uita

172.0 1814.0 785.0 54.0 inſtiruenda eſt, necubi deſimus officio:cum ti¬

172.0 1854.0 785.0 63.0 more & tremore uerſandum eſt. Philip. 2.ut

174.0 1904.0 778.0 59.0 ſapientes & prudentes Ephe. 5. Requirit ergo

177.0 1956.0 775.0 47.0 Apoſtolus prouidẽtiam, qua proſpiciamus

174.0 1999.0 778.0 56.0 bona coram omnibus hominibus, ut nemo

172.0 2035.0 776.0 61.0 non opera noſtra bona iudicet. Id autem tum

170.0 2084.0 780.0 57.0 impetrabimus, cum bene fecerimus quibuſ¬

174.0 2129.0 780.0 57.0 uis, male nemini, loquitur enim hic de officijs

172.0 2173.0 782.0 60.0 uitæ præſentis. Mundus quidem nequit non

170.0 2218.0 782.0 61.0 damnare ueram religionem, cæteram autem

170.0 2270.0 782.0 56.0 fanctoꝵ uitam improbare non poteſt. Nam

172.0 2310.0 778.0 59.0 eſt quorumlibet uſibus expoſita, nã lædũt illi

170.0 2366.0 782.0 48.0 neminem, ſtudent cõmodis omnium, & cum

168.0 2400.0 784.0 63.0 malefacta pro ſuis beneficijs receperint, non

168.0 2457.0 782.0 52.0 uincuntur malo, ſed uincunt bono malum.

172.0 2495.0 774.0 58.0 Quamlibet profecto in malo mundus hære¬

168.0 2536.0 778.0 67.0 at, eſt ei tamen reliquum tantum recti iudicij,

167.0 2581.0 781.0 61.0 ut uelit nolit, probare & admirari uitam hu¬

165.0 2626.0 783.0 67.0 ſuſmodi cõpellatur. Talis uitæ teſtimonium

167.0 2680.0 781.0 61.0 reqrit Apoſtolus in eo, qui debeat deligi Epi¬

167.0 2727.0 781.0 54.0 ſeopus, cũ ait.1. Timoth.3.Oportet uero eum

167.0 2772.0 781.0 54.0 étiam bonum teſtimonium habere ab ijs qui

167.0 2820.0 781.0 58.0 foris ſunt, cum tamen incredulis nemo poſſit

165.0 2862.0 781.0 98.0 'He magis muiſus Epiſcopo, religiõis cauſſa,

1000 156 763 94 ſi eam fideliter puchere ſtudeat. Sic.2. Cor.6.

988.0 228.0 776.0 57.0 poſcit ab omnibus, ne cuiq̃; ullam demus of¬

986.0 264.0 773.0 75.0 fenſionem. Idem quo Dominus præcipit,

986.0 319.0 568.0 61.0 cum ait. Sicluceat lux ueſtra &c.

1031.0 359.0 733.0 70.0 Si poſſibile. ] Ne enim paœm diuturni¬

988.0 409.0 774.0 61.0 orem cum hominibus habere licet, q uelint

988 454 774 61 ipſi, ideo adijcit alteram conditionem, quan¬

988.0 499.0 774.0 61.0 tum quidem ex uobis fuerit, hoceſt, quantũ

990.0 547.0 770.0 56.0 quidem ad uos atrinet, quantũ uobis id præ¬

990.0 591.0 774.0 64.0 ſtare datur. Iſtuc enim, exuobis, hic non facuil

984 637 778 60 tatem naturæ, ſed caurionem offenſæ ſignifi¬

986.0 677.0 776.0 65.0 cat. Ex nobis enim, ut hominibus, & in uetu¬

988.0 720.0 772.0 75.0 ſtate peccati hȩrenubus, non eſtut cum quo̃

988.0 774.0 769.0 63.0 pacem ueram habeamus, quia ſic comparati,

988.0 819.0 771.0 66.0 tantum quæ noſtra ſunt quærimus, id́ cum

986.0 864.0 778.0 64.0 iniuria aliorum. At ſi Chriſtiani ſumus, & ſpi

990.0 909.0 774.0 61.0 ritu Chriſti uiuimus, ſtudebimus offendere

988.0 954.0 774.0 61.0 neminem, boni conſulemus ab omnibus o¬

978 991 780 73 mnia, & cuncta maleficia beneficijs repende¬

988.0 1049.0 774.0 59.0 mus, eo pacto uincere malũ bono ſtudebi¬

988.0 1088.0 776.0 63.0 mus. Sic à nobis non erit, quo minus paxno¬

986.0 1130.0 776.0 73.0 bis ſit, & colatur perpetua cum omnibus ho¬

988.0 1176.0 778.0 65.0 minibꝰ. Quia uero admodum moleſtum eſt

988.0 1228.0 780.0 58.0 carni ſemper maloꝵ iniurijs patere, & pro be

988.0 1275.0 776.0 67.0 neficijs iugiter recipere maleficia, ſubijcit, qui

986.0 1313.0 722.0 65.0 bus nos abulciſcendis nobis ipſis auertat.

1031.0 1365.0 733.0 63.0 Ne uos ipſos ulciſcamini. ] Addit. Sed da

988.0 1403.0 774.0 68.0 te locũ iræ. Ergo uelle ſe ipſum ulciſci, eſt iræ

990.0 1448.0 774.0 68.0 Dei, id eſt, ultioni, locum negare, & obſiſtere,

988.0 1494.0 772.0 70.0 Iam quindicet nos Deus ui maloꝵ, ſi uindi¬

986.0 1546.0 774.0 65.0 ctam eius non admittimus? Vindex eſt iniuri

984.0 1586.0 775.0 63.0 am patientium. At ſi nos acceptã retaliare co¬

986.0 1638.0 774.0 61.0 namur, ipſi iam non patimur iniuriam, ſed in

986.0 1681.0 774.0 59.0 ferimus, non modo hominibꝰ qui in nos in¬

984.0 1728.0 776.0 61.0 iurij ſunt, ſed etiam Deo ipſi. Hominibus nos

981.0 1773.0 779.0 63.0 iniuria afficientibus, quia nos eorum iudices

982.0 1818.0 777.0 57.0 conſtituimus, in quos nihil nobis iuriſdictio¬

982.0 1863.0 777.0 57.0 nis datum eſt. Deo, quia iudiciariam poreſta

982.0 1902.0 778.0 67.0 tem, quæ ipſius ſolius eſt inuadimus. Hanc

984.0 1947.0 775.0 65.0 ita poreſtatẽ cum tueri ſibi Deus debeat, &

982.0 1990.0 777.0 74.0 homines, quibꝰ ut organis iræ ſuæ uri ſtaruit

981.0 2039.0 778.0 63.0 ad hũc ipſorum uſum merito ſeruare, fit ne¬

981.0 2082.0 778.0 74.0 ceſſariout in nos, eius iuſto iudicio repugnan

977.0 2138.0 782.0 64.0 tes, iram ſuam conuertat, & eouſ nos opera

981.0 2184.0 776.0 58.0 malorum humilier, dum ad ipſum cedentem

979.0 2226.0 778.0 62.0 nos receperimus, iam tolerantes iniuriæ ij

979.0 2272.0 774.0 63.0 euadamus, q̃s cõueniat adſeri uindicta illius.

1017.0 2314.0 724.0 68.0 Ne ulciſcamini inqt uos met ipſos dilecti.

981.0 2355.0 770.0 66.0 Hac appellatione animi compatientis & blan

977.0 2403.0 774.0 62.0 dientis, dilecti, utitur in hunc ſenſum. Iubeo

977.0 2452.0 776.0 61.0 uos ultionem ueſtri remittere, non ꝙ iniuria

979.0 2500.0 769.0 62.0 afficiuos leue ducam, cõpatior plane uobis,

981.0 2549.0 769.0 59.0 quia uos exanimo diligo. Verum quia noui,

977.0 2588.0 774.0 58.0 ſi ij ipſi uos ulciſci tonemini, uos ulrionẽ ue¬

977.0 2635.0 774.0 60.0 ſtri, & ab iniuria uindictam, quæ nimirum

977.0 2677.0 771.0 66.0 Dei ſolius eſt, magno ueſtro malo auertere.

977.0 2730.0 773.0 63.0 Ego uero cupio uos malis omnibus liberari,

975.0 2779.0 778.0 50.0 quodcum Deus unus poreſt & ſolet, uelim

973.0 2818.0 780.0 65.0 uos iræ eius dare lotuin, quod lactis, ntaul¬

970.0 2872.0 787.0 83.0 ſam omnem ueſtram ipſi patri ueſtro permi¬

48 660 129 99 Qui ſe non

26.0 743.0 150.0 58.0 apud Deũ, ſed

35 778 142 57 apud fe ipſum

37 811 140 72 æftimat is ſu¬

23.0 849.0 95.0 63.0 perbiet.

1760.0 2335.0 108.0 67.0 Dilocti.

1455.0 2908.0 291.0 76.0 T 2 ſeritis,
