2112 3184
706 45 982 108 ENARRATIONES EPISTOLIAE

431.0 79.0 114.0 80.0 458

422 130 786 84 mini, uerum́ ei cultum exhibeatis ? Atqui

433 203 774 53 hic cultus eſſe alius non poteſt, ̃ ut uos met¬

433 247 776 59 ipſos ipſi mactetis & offeratis ad ſua placita

431 293 776 55 innouandos? Iſtuc uero non probat, quia ex

433 339 774 62 Euangelio pridem probe cognoſcebant, cum

431 383 776 59 noſtra omnis ratio & uoluntas corrupta eſt à

433 422 770 69 prima origine, Deum, cum ſeruare nos & re¬

433 475 776 62 ſtituere inſtituit, hoc primum omnium poſce

433 518 770 58 re,ut abnegemus nos metipſos, & ipſi refor¬

430 567 641 57 mandos & innouandos addicamus.

483 610 724 58 Vt autem hunc præterea cultum commen

433 647 772 67 det, & in eum inflãmet, addit, cum nos Deo

431 700 776 60 offerimus noſtra corpora, id eſt, totum exter

433 741 774 67 num hominem, hãc hoſtiam uiuam eſſe, ſan¬

431 792 774 58 ctam, Deo pergratam, & in eo cultum eſſe ra¬

430 834 775 62 tionalem. In eo ꝙ ait, uiuam, depellit horro¬

426 882 783 57 rem mortis, quæ alioqui ineſt in ipſa noſtri

428 919 777 68 oblatione. Nam & ſi occidi nos & confici ex¬

426 974 779 53 terno homine neceſſe eſt, internus tamen eo

426 1018 774 62 ipſo uitam adit æternam. Cum addit ſanctã,

430 1070 779 51 monet in huiuſmodi demum hoſtia eſſe verã

428 1105 777 62 ſanctitatem, hoc eſt, præſtantiam illam, ut di¬

428 1151 786 60 uinis modo uſibus addicamur. Quòd tertio

431 1197 776 58 addit ἐυὰρεσον, pergratam Deo, oſtendit

428 1245 777 58 hac una hoſtia Deum uere & per ſe oblectari.

472 1285 731 61 Reſpicit em̃ in his Apoſtolus, poſt̃ tranſ¬

428.0 1339.0 775.0 54.0 latione hoſtiæ uti cœpit, ad hoſtias ueteris te¬

428.0 1379.0 775.0 57.0 ſtamenti, quæ uiuæ interficiebantur, & certo

430.0 1418.0 773.0 62.0 delectu mundiciæ & integritatis Deo ſanctifi

428.0 1469.0 775.0 57.0 cabantur, & effundere dicebantur Deo nido¬

428.0 1519.0 775.0 53.0 rem gratiſſimum, qui nidor tamen erat fides

430.0 1558.0 773.0 58.0 offerentium. Ad primum ita alluſit Apo¬

428.0 1599.0 775.0 70.0 ſtolus, cum, uiuam, dixit. Illæ enim hoſtiæ le¬

430.0 1646.0 777.0 62.0 gales uiuæ offerebantur, ſed tamen ut macta

428.0 1699.0 774.0 55.0 tæ mox non uiuerent, cum hæc noſtra hoſtia

426.0 1742.0 776.0 56.0 offertur mactanda quidem, ſed ut inde uiuat

426.0 1786.0 777.0 58.0 meliore ratione & æternum. Illæ cultui Dei

428.0 1832.0 777.0 55.0 deputabantur delectu ſingularis mundicię &

424.0 1873.0 778.0 60.0 integritatis, attamen ſanctæ non erant, niſi

428.0 1926.0 774.0 55.0 quatenus ſymbola erant ſanctificationis offe

424.0 1963.0 772.0 64.0 rentium, noſtra autem hoſtia ſancta ipſa eſt,

425 2003 783 74 quia particeps diuinitatis. Offundebant illæ

426.0 2055.0 776.0 65.0 ſuauem odorem Deo, ſed quia placebant gra

426.0 2103.0 774.0 58.0 ti́ erant offerentes, cum noſtra hoſtia ipſa

428.0 2154.0 770.0 55.0 Deo probatur, quam ad ueram gloriam no¬

428.0 2202.0 772.0 53.0 minis ſui reparat, dum eam ipſi mactandam

430.0 2248.0 768.0 48.0 offerimus. Iam his rebus, uita uera, cõſortio

428.0 2285.0 765.0 58.0 diuinitatis, Deo uere probari & eſſe gratum,

430.0 2334.0 770.0 57.0 quid ſit homini Chriſtiano expetendum ma¬

428.0 2372.0 772.0 67.0 gis ? Cum ita ineſſe hæc in noſtri oblatione

430.0 2419.0 772.0 64.0 Apoſtolus admonet, & admonet eos, qui de

428.0 2465.0 770.0 59.0 his dubitare nihil poſſunt, certe hoc ipſo haꝵ

426.0 2510.0 770.0 65.0 rerũ admonitu, ad offerendũ eos dicãdum́

424.0 2556.0 707.0 63.0 ſe Deo efficaciſſime incitat, & inflammat.

472.0 2600.0 730.0 60.0 Ad idem ualet & quod ultimo adiecit, qui

424.0 2649.0 778.0 55.0 eſt rationalis cultus ueſter, quo præſtantiam

426.0 2695.0 776.0 55.0 cultus noſtri eo extulit,ꝙ cum ueteres in cultu

423.0 2747.0 773.0 51.0 ſuo ſymbolis uſi ſint, hoſtijs irrationabili¬

421.0 2786.0 777.0 54.0 bus, nobis omnis cultus rationalis eſt, id́

419.0 2835.0 781.0 81.0 quia ſine ſymbolis pecorum conſtat, & quia¬

1232 116 781 96 ampliore cognitione cum uoluntatis Dei er¬

1225 185 787 76 ga nos benigniſſimæ, tum noſtræ in hoc cul¬

1228 242 186 55 tu ſalutis.

1276.0 283.0 736.0 60.0 Altera probatio propoſitionis eſt, ut dixi,

1235.0 330.0 781.0 55.0 à facultate uere iudicij & rectæ rationis, à quo

1237.0 371.0 781.0 67.0 pendet ſtudium omnis rectæ actionis, & uita¬

1237.0 420.0 781.0 55.0 beata. Videtur uero hic Apoſtolus nouam

1233.0 465.0 783.0 62.0 propoſitionẽ facere, ait enim. Ne conforma¬

1237.0 511.0 779.0 58.0 mini huic ſæculo, ſed transformamini reno¬

1237.0 550.0 781.0 63.0 uatione mentis ueſtræ, at cum hoc dicto uti¬

1233.0 604.0 783.0 61.0 litatem noſtræ ad placita Dei conſecrationis

1237.0 649.0 781.0 56.0 expreſſit, recte in hoc dicto probationem etiã

1233.0 693.0 783.0 58.0 intelligimus primæ propoſitionis. Vtilitas

1228.0 739.0 788.0 55.0 uero illa eſt, innouatio uitæ, & primum iudi¬

1235.0 783.0 776.0 64.0 cij, à quo reliqua uita pendet tota. Quæ uti

1235.0 826.0 779.0 60.0 nobis haud alicunde contingere poteſt, ̃ ſi

1237.0 879.0 775.0 54.0 nos permiſerimus penitus Deo. Huius enim

1232.0 923.0 780.0 53.0 ſolius ſpiritu, à ratione & forma uiuendi hu¬

1237.0 965.0 775.0 59.0 ius ſæculi immutari poſſumus, in rationẽ &

1237.0 1010.0 775.0 60.0 formam uiuendi ſecundũ Deum. Ad quod

1237.0 1091.0 775.0 23.0 hortat cum ait. Et ne cõformamini, Videtur

1235.0 1105.0 777.0 58.0 ita probatio hæc altera ſic explicanda eſſe:

1232.0 1146.0 775.0 63.0 Confitemur omnes qui Chriſto credimus,

1235.0 1190.0 774.0 69.0 nobis in præceptis Dei propoſitã uitam æter

1235.0 1245.0 774.0 53.0 nam, uitam beatam, nec poſſe aliud bonum

1237.0 1287.0 772.0 60.0 nobis, gratum & perfectum eſſe, ̃ id quod

1237.0 1328.0 770.0 58.0 probat in noſtra uita Deus. Salutis enim no¬

1235.0 1374.0 770.0 64.0 ſtræ & fœlicitatis eſt expetentiſſimus. Ergo

1237.0 1427.0 770.0 57.0 cum uiuere iuxta placita Dei ſtudemus uitam

1233.0 1473.0 767.0 55.0 æternam ſectamur, plenam́ fœlicitatem,

1232.0 1508.0 773.0 66.0 quod eſt primum expetendoꝵ. Atqui hoc ſtu

1233.0 1561.0 774.0 59.0 dium uiuendi ex ſententia Dei tum demum in

1232.0 1606.0 773.0 58.0 nobis exiſtit, cum plene comperta & explora¬

1230.0 1648.0 774.0 66.0 ta habemus ea, quæ uult Deus, quæ nobis

1233.0 1691.0 767.0 67.0 præcipit, inde́ ſolide agnoſcimus eadẽ ſola,

1233.0 1740.0 772.0 60.0 bona, grata & perfecta eſſe. Ea enim quiſ in

1232.0 1786.0 773.0 62.0 uita ſectatur, quæ perſuaſus eſt ſibi eſſe opti¬

1230.0 1836.0 777.0 51.0 ma. Hæc autem certa cognitio uolũtatis Dei

1232.0 1878.0 775.0 55.0 & uerorum bonorum, non niſi renouatorũ

1232.0 1922.0 775.0 64.0 eſt. Animalis nam homo quæ ſpiritus Dei

1233 1967 774 60 ſunt percipere non poteſt. Renouatio igitur

1230 2008 773 69 mentis noſtræ, at adeo tota noſtri ad ima¬

1230 2053 773 67 ginem Dei transformatio neceſſario nobi¬

1232.0 2108.0 775.0 53.0 expetenda, & omni ſtudio exquirẽda eſt. Iam

1232.0 2150.0 773.0 66.0 una hac ratione huius cõpotes euadere licet,

1232.0 2189.0 777.0 73.0 ſi abnegemus nos metipſos, & addicamus

1232.0 2239.0 780.0 67.0 totos Deo, qui ſolus ſuo ſpiritu uetuſtatẽ in

1232.0 2294.0 780.0 51.0 nobis omnẽ, & cum hoc ſæeculo conformita¬

1232.0 2336.0 777.0 62.0 tem tollit, noua́ mente, ac inde noua uita,

1232.0 2380.0 784.0 59.0 quæ ſit ad ipſius imaginem cõparata, donat.

1233.0 2423.0 783.0 65.0 Ergo ut ſiſtamus nos, & cõſecremus Deo in

1233.0 2465.0 781.0 75.0 hoſtiam, ſtudendum toto pectore. Quæ erat

1230.0 2518.0 218.0 61.0 propoſitio.

1382.0 2561.0 464.0 58.0 INTERPRETATIO.

1265.0 2596.0 756.0 78.0 Adhortor ergo uos fratres. ] Demittit au

1223.0 2655.0 800.0 63.0 thoritatem, & ſingularem exprimit affectum

1226.0 2692.0 797.0 71.0 charitatis, utens uerbo adhortandi, & appel¬

1225.0 2736.0 798.0 74.0 latione fratrũ, ut ſcilicet amplius cõmoueat.

1221.0 2789.0 800.0 67.0 Excitare em̃ uoluntatẽ & ſtudiũ inſtituerat,

1210.0 2839.0 817.0 76.0 ad quam rem momentum habebat uidere il¬

1885.0 2888.0 145.0 83.0 los, ſe
