2132 3216
446.0 96.0 987.0 84.0 D. PAVLI AD ROMANOS CAP: XII.

1624.0 94.0 86.0 100.0 463

139.0 158.0 767.0 88.0 firmaretur, nun̃ fieri poſſe, ut ulla facultate

142.0 234.0 767.0 60.0 bene & fœliciter uiuendi agendi́ deſtituan¬

142.0 280.0 771.0 52.0 tur, qui ſe vere conſecrant Chriſto. Hac ſanè

150.0 318.0 768.0 60.0 de cauſſa præcipue uoluit Dominus initio Ec

142.0 369.0 767.0 54.0 cleſiam ſuam colligere ex hominibꝰ nulla car

142.0 416.0 772.0 55.0 nis præſtantia pollentibus, uocauit enim fer è

142.0 460.0 771.0 56.0 idiotas, ignobiles, inopes, eos́ expoſuit

144.0 502.0 769.0 59.0 odio ſummo oĩm, qui in hoc ſæculo aliquid

142.0 544.0 772.0 67.0 eſſe & poſſe putabantur. Interim autem dedit

142.0 589.0 774.0 66.0 illis ſola ui arcana ſpiritꝰ ſui ſic uiuere, ſic res

142.0 634.0 769.0 62.0 ſuas conſtituere & moderari, ut nihil illis o¬

144.0 687.0 770.0 59.0 mnium, quæ ad optime inſtitutam & plane

144.0 728.0 769.0 63.0 beatam R. Publicam requiri poſſunt, deſyde¬

142.0 778.0 769.0 61.0 raretur. Ex piſcatoribus quidem & alijs ru¬

146.0 823.0 765.0 59.0 dioribus hominibus Dominus primum Se¬

146.0 871.0 774.0 58.0 natum & primos Principes huic ſuæ ciuitati

144.0 909.0 770.0 59.0 delegit, ſed hos ea ſapientia & prudẽtia ſtatim

144.0 955.0 774.0 56.0 pręſtare fecit, ut nulli un in orbe fuerint, qui

144.0 996.0 770.0 72.0 Rem. Pub. adminiſtrarint & iuſtius & fœlici¬

144.0 1046.0 769.0 63.0 us. Nam ſecundum leges quas Deus ipſe tu¬

142.0 1093.0 774.0 66.0 lit, cuncta inſtituerunt, religionem, ſine qua

144.0 1134.0 770.0 68.0 nulla uſpiam Res. Pub. conſiſtere poteſt, ue¬

144.0 1179.0 772.0 60.0 ram & abſolutiſſimam docuerunt:ut́ illam

144.0 1227.0 769.0 62.0 homines amplecterentur cum omni iuſtitia,

146.0 1277.0 774.0 63.0 impetrarunt eis cœlitus. Corporibus quo

144.0 1318.0 774.0 59.0 ſic proſpiciebant, ut egeret nemo, dabatur em̃

146.0 1368.0 772.0 55.0 ſingulis quãtum opus erat. Cum́ uariæ ar¬

144.0 1411.0 774.0 63.0 tes ſunt, quæ ad cõmode uiuendum non pa¬

144.0 1456.0 776.0 66.0 rum conferunt, eas impoſitione manuum im

148.0 1495.0 768.0 71.0 partiebãtur uirtute Domini. Si quis tranquil¬

146.0 1550.0 770.0 58.0 litatem rectam́ uitam turbaret, in eum ani¬

146.0 1590.0 772.0 59.0 maduertebant uerbo, & ſi res poſcebat, tolle¬

148.0 1629.0 772.0 73.0 bant etiã illũ. Morbi ſi inciderent, qͦs præſta¬

148.0 1686.0 772.0 59.0 bat depellere, erant qui eos pellerent in nomi¬

146.0 1727.0 776.0 57.0 ne domini. Opus eſt interdum in rebus huma

148.0 1767.0 774.0 71.0 nis aliqua de rebus futuris coniectatione, pro

148.0 1809.0 774.0 74.0 hac erat illis infallibilis diuinatio, donũ pro¬

150.0 1861.0 770.0 61.0 phetiæ. Poſcunt deni res interdum, ut agen¬

150.0 1906.0 763.0 68.0 dum ſit cum hominibus peregrinæ linguæ,

150.0 1947.0 772.0 71.0 cum ergo ſuæ ciuitati Dominus iniunxiſſet

148.0 2001.0 770.0 57.0 Euangelium ſuum proferre ad omnem crea¬

150.0 2038.0 770.0 75.0 turam, & uſ ad fines terræ, dedit ei quo

151.0 2085.0 610.0 69.0 qui poſſent loqui linguis omnium.

191.0 2131.0 736.0 66.0 Iſta quidem dona poſt Apoſtolorum tem

160.0 2170.0 754.0 78.0 pora deſierunt exiſtere in Eccleſia ratione illa

160.0 2221.0 759.0 70.0 inſolenti, nam data erant iſto modo, ad ex¬

157.0 2267.0 768.0 69.0 citandum orbem, & in exemplum ut dixi

157.0 2310.0 759.0 75.0 uirtutis Chriſti ſuos perpetuò gubernantis,

155.0 2361.0 768.0 61.0 ut nihil requirant, quod faciat ad recte &

153.0 2401.0 772.0 71.0 fœliciter uiuendũ. Sicut tamen & nobis Chri

153.0 2449.0 770.0 70.0 ſtus Dominus adeſt, aderit́ uſ ad finem

153.0 2494.0 765.0 73.0 mundi, ita nulla un̃ facultate nos deſtituet,

153.0 2538.0 772.0 65.0 quę quidem aliquod momentũ habeat ad ui

151.0 2587.0 776.0 73.0 tam pie & beate inſtituendã, conſeruandam́

153.0 2628.0 772.0 71.0 & perficiendam, utcum utatur ad haſce fa¬

151.0 2676.0 774.0 71.0 cultates conferendas nobis opera noſtra, a¬

155.0 2715.0 772.0 79.0 gat́ nobiſcum abſ miraculo. Fit quidem

155.0 2769.0 768.0 71.0 non raro, ut ſancti dotibus, quibus præſens

155.0 2814.0 770.0 66.0 uita regenda eſt & iuuanda, minus ualere ui¬

153.0 2862.0 781.0 105.0 deantur plæriſ impijs, attamen ſarcit ſem¬

946.0 171.0 767.0 80.0 per ſpiritus Chriſti illis, quicquid ueram eis

940.0 237.0 772.0 59.0 utilitatem adferat, etiã ſi nullo id faciat mira¬

943.0 293.0 769.0 50.0 culo ut olim. Quan̃ nihil non præcipuum

941.0 325.0 771.0 64.0 miraculũ eſt, ſi his rebus attenderemus, quic¬

947.0 369.0 763.0 63.0 quid in ſuis Dominus operatur. Nam & ijs

941.0 418.0 771.0 59.0 dotibus ſuos iuuat, quas confert impijs. Vt

941.0 462.0 769.0 57.0 enim oſtendat fide & dilectione beatã uitam

947.0 505.0 761.0 59.0 plene conſtare, ſicut olim dona illa miraculo¬

943.0 546.0 769.0 66.0 ſa, & dedit aliquibus, qui ipſius non erant, &

945.0 602.0 767.0 50.0 multis non dedit, qui erant tamen ei inter ſan

947.0 641.0 765.0 57.0 ctos præcipui tempore Apoſtolorum, ita fa¬

948.0 687.0 764.0 54.0 cultates animi & corporis dat ſæpe filijs hu¬

945.0 734.0 765.0 61.0 ius ſæculi præſtantiſſimas, & ſuis adeo præ¬

948.0 784.0 764.0 55.0 tenues, ut ſint neglectui & contemptui omni¬

947.0 825.0 763.0 59.0 bus. Interim tamen quia Dominus illis adeſt,

948.0 875.0 764.0 50.0 uiuunt hi in ſua ſimplicitate & ruditate ſœli¬

948.0 918.0 764.0 57.0 citer, cum filij ſæculi cum omni præſtantia

948.0 961.0 762.0 59.0 animi & corporis ſint ſibi & multis exitio.

950.0 1004.0 762.0 59.0 Sed ad inſtitutum, cum & alia dona omnia

952.0 1048.0 760.0 61.0 Deus ſecundum analogiam fidei ſuis con¬

950.0 1102.0 760.0 50.0 fert, cur hoc adiectum tantum eſt dono pro¬

952.0 1145.0 758.0 52.0 phetiæ? Primo loco illud poſitum eſt, ſic er¬

956.0 1188.0 757.0 55.0 go adiectũ uidetur, ut illud ἀπὸ κοινοῦ intel¬

954.0 1232.0 713.0 54.0 ligas pertinere & ad ea quæ ſubijciuntur.

993.0 1281.0 724.0 53.0 Noſtra tempeſtate cœpit κατὰ ἀναλογί¬

952.0 1322.0 768.0 55.0 αν, id eſt, ſecundum rationem fidei, exponi

948.0 1368.0 767.0 52.0 ita, quaſi Apoſtolus eo monere uoluerit pro

952.0 1411.0 763.0 63.0 phetias debere non diſſentire fidei. Nam per

954.0 1452.0 763.0 57.0 nomen Prophetię intelligunt etiam reliquam

956.0 1499.0 764.0 57.0 adminiſtrationem doctrinæ ſanctæ, quæ eſt

956.0 1547.0 763.0 61.0 citra donum uaticinandi. At D. Paulus hic &

956.0 1584.0 761.0 66.0 ad Corinthios loquitur de inſolentibus illis

954.0 1636.0 768.0 59.0 facultatibus, quæ initio Eccleſiæ in ſanctis exi

957.0 1677.0 763.0 65.0 ſtebant ſingulari adflatu ſpiritus, & aliam fa¬

957.0 1731.0 763.0 52.0 cultatem facit prophetiam, aliam doctrinam

959.0 1775.0 760.0 56.0 1.Cor.14. ita enumerat alios prophetas, alios

957.0 1811.0 762.0 63.0 doctores Eph.4. Prophetæ nam ut in ſcri¬

957.0 1856.0 762.0 64.0 ptura, ita etiã & in ſcriptis Apoſtolicis ij di¬

961.0 1901.0 758.0 66.0 cunt̃, qui facultate diuinandi p̃diti ſunt ex ſpi¬

957.0 1951.0 762.0 59.0 ritu Domini. Videntur igitur qui prophetiã

957.0 1995.0 763.0 63.0 & ſimplicem enarrationem ſcripturæ uerbi́

957.0 2042.0 762.0 60.0 Dei prædicationem ſtudio hominum para¬

957.0 2081.0 762.0 66.0 tam, utcum & illa nemini contingere poſ¬

956.0 2127.0 764.0 68.0 ſit abſ certa ui ſpiritus, nec etiã rite admini¬

957.0 2179.0 762.0 54.0 ſtrari, eandẽ faciunt, haud qua̃ ſequi Apo¬

956.0 2220.0 763.0 68.0 ſtolum, & dona quo primæ Eccleſiæ con¬

956.0 2263.0 162.0 68.0 fundere.

998.0 2304.0 724.0 65.0 Sed ſit conſentaneum Apoſtolo, ut pro¬

959.0 2351.0 761.0 68.0 phetiæ nomine etiam quamlibet adminiſtra¬

959.0 2403.0 763.0 60.0 tionem uerbi Dei, quæ quidem uera ſit, eo́

959.0 2444.0 761.0 64.0 donum ſpiritus ſancti, intelligamus, tamen

957.0 2488.0 763.0 70.0 non uidetur qua ratione Apoſtolus præcepe

959.0 2531.0 760.0 68.0 rit, illam debere eſſe fidei cõſentaneam. Cum

957.0 2576.0 760.0 70.0 enim pro fidei modo, & ad prouehendam fi¬

956.0 2631.0 763.0 61.0 dem detur hoc donum prophetię, nam eſt do

959.0 2667.0 760.0 66.0 num ſpiritus ſancti, illud ad utilitatem Eccle¬

956.0 2712.0 763.0 69.0 ſiæ adſpirantis, qui poſſit eſſe fidei non con¬

959.0 2762.0 763.0 68.0 gruens, quantum quidem ad id attinet quod

959.0 2805.0 763.0 62.0 docetur ? Poteſt enim uitium incidere in uſu

950.0 2856.0 776.0 79.0 horum donorum, ut quis non ſuo loco &

39.0 752.0 70.0 71.0 Dominus

2.0 812.0 124.0 50.0 inſtruxit olim

2.0 841.0 91.0 75.0 Eccleſiam

2.0 2168.0 142.0 51.0 hodie ni¬

0.0 2192.0 147.0 56.0 ſanctis de¬

8.0 2227.0 139.0 59.0 id bene be

2.0 2264.0 129.0 62.0 p uiuen¬

5.0 2299.0 142.0 67.0 priuatim

5.0 2342.0 107.0 83.0 publice.

1417.0 2894.0 305.0 86.0 S2 modo
