2141 3219
423 105 984 86 D. PAVLI AD ROMANOS CAP. XII.

1640.0 109.0 89.0 93.0 46

160 160 768 97 Aixiffet. Vaum corpus muli fumus, & ſingu

158 236 770 64 li aliorum membra, utq́p membra in corpore

158.0 281.0 770.0 67.0 non habent ſingula eandem actionem, ſed di

158.0 332.0 770.0 62.0 uerſa diuerſam, ſic nos quo & ſi ſub uno ca

163.0 375.0 765.0 64.0 pite Chriſto unum corpus ſumus, uno ſpi¬

160.0 418.0 768.0 67.0 ritu agimur, tamen ex beneuolentia Dei, qua

160.0 472.0 770.0 53.0 nos membra fecit filij ſui, uaria dona habe¬

158.0 504.0 770.0 72.0 mus, id eſt, facultates agendi fœliciter ea, ad

164.0 565.0 764.0 51.0 quæ Deus uti nobis dignauur, ad communi¬

160.0 602.0 770.0 59.0 onem Eccleſiæ. Quiſ ergo conſyderet quid

162.0 652.0 769.0 52.0 ipſi muneris iniũxerit Deus, id́; haud qua

160.0 697.0 770.0 52.0 faſtidiat, ſed bona fide obire ſtudeat: ijs qui

160.0 738.0 771.0 59.0 ad ſublimiora uocati ſunt, non inuideat, ſed

166.0 781.0 764.0 68.0 Puirili ad id, ut & illi ſuis muneribꝰ cõmode

164.0 826.0 769.0 66.0 perfungãtur inſeruiat. Nam ſicut Deus cui

162.0 881.0 771.0 54.0 ſuum munus diſtribuit, pro portione fidei, id

164.0 922.0 767.0 52.0 eſt, facultate uitæ nouæ & cœleſtis, ita eriam

162.0 969.0 769.0 52.0 rui; ſpiritus ſui facultatem ad id modo con¬

160.0 1010.0 766.0 57.0 fert, quo agit ipſe, ad alia nõ item. Vnde ſius

166.0 1064.0 769.0 48.0 ad alia enitatur, non ſolum nihil proficiet, ſed

162.0 1096.0 769.0 61.0 ſibi & alijs obſtabit, ne eo Eccleſiæ commo¬

164.0 1151.0 769.0 50.0 dent, quo poterãt. Omnino enim ſcopus hic

166.0 1191.0 762.0 60.0 Apoſtolo eſt, cõtinere nos in eo, ut quiſ ꝓ

164.0 1237.0 766.0 61.0 ſua uocatione & munere, quod cui à Do¬

162.0 1278.0 764.0 65.0 mino obtigis, fratribus ſeſe addicat, inſerui¬

164.0 1323.0 760.0 68.0 atíp. Præcipua & publica munera memorat,

164.0 1369.0 769.0 70.0 ut &. 1.Corinth.12. quia Satan hæc impedire

166.0 1418.0 324.0 66.0 præcipue laborat.

327 1471 465 49 OBSERVATIONES.

209.0 1502.0 728.0 64.0 Admonet Apoſtolus obiecta authoritate

166.0 1564.0 769.0 54.0 muneris ſui, id doceat nos, quanti eſſe nobis

168.0 1611.0 767.0 46.0 debeat uerbum legitime uocatorum, eorum,

166.0 1648.0 767.0 58.0 qui ſacro Eccleſiæ miniſterio publice fungun¬

166.0 1697.0 769.0 53.0 tur. Inculcat quem oportere pro uocarione

164.0 1736.0 766.0 57.0 ſua ſapere, curam́ omnem in id intendere,

166.0 1786.0 769.0 55.0 quod cui iniunxit Deus, id moneat nos, 

164.0 1822.0 771.0 61.0 difficile ſit, ut quis ſe ſuo loco & in ſuo officio

168.0 1879.0 765.0 52.0 contineat, inde ſolicitudinem exacuat uoca¬

164.0 1911.0 771.0 63.0 rionis tuen dæ. Corporis ſimilitudo commen

164.0 1963.0 769.0 59.0 det nobis & maximam totius uitæ coniuncti

166.0 2004.0 769.0 65.0 onem, & ut quiſ ſuum locum in Eccleſia tue

166.0 2049.0 769.0 61.0 atur, ſuum́ munus ſtudioſiſſime obeat, ſum

164.0 2103.0 769.0 51.0 mam ſolicitudinem. Luxatis enim membris

166.0 2144.0 769.0 61.0 totum corpus inutile redditur. Quòd uaria

164.0 2192.0 769.0 55.0 dona eiuſdem gratiæ memorat, excitet nos,

164.0 2233.0 771.0 56.0 ut ſi quid nobis donatum ſit in utilitatem Ec¬

164.0 2280.0 766.0 60.0 cleſiæ gerere, in id bona fide incumbamus,

164.0 2330.0 769.0 59.0 grati tantæ Dei in nos beneuolentiæ, at di¬

166.0 2365.0 773.0 67.0 gnitati, & ſi quid alijs collatum uidemus mu

164.0 2414.0 771.0 62.0 neris præſtantioris, remora cuncta æmulati¬

162.0 2453.0 773.0 66.0 one ſubſeruiamus grariæ Dei, ne pugne¬

166.0 2501.0 769.0 65.0 mus cum Deo. Quod prædicat dona diſtri¬

166.0 2551.0 769.0 58.0 bui pro portionefidei, faciat agnoſcere ſi pa¬

164.0 2594.0 775.0 61.0 rum prodeſſe Eccleſiæ datum nobis eſt, angu

166.0 2650.0 769.0 50.0 ſtum etiam eſſe modum fidei noſtræ, uitæ in

164.0 2686.0 775.0 55.0 Chriſto, fidem ita augeri nobis oremus, &

166.0 2727.0 771.0 59.0 augebitut facultas commodandi Eccleſijs.

166.0 2777.0 769.0 66.0 Ex ipſorum donorum ingenio quæ hic Apo

166.0 2821.0 769.0 58.0 ſtolus enumerat, uidere & id eſt, ad quæ po¬

171 2870 762 112 tiſſimum Deus dona ſualargiatur, & quoo¬

965 160 760 105 dine. Enumera enim priore loco dona, qui¬

965 238 762 75 bus religio inſtiruitur & prouehitur, dona ſd

965.0 281.0 760.0 73.0 licet prophetię, miniſterij Eccleſiaſtici, doctri¬

965.0 332.0 760.0 65.0 næ & exhortationis, cum quibus iungẽdum

965.0 372.0 760.0 70.0 eſt donum regendi, & ſi ſit inſertum ſequen¬

965.0 418.0 754.0 75.0 tibus. Deinde quibus ſuccurritur corpori,

965.0 464.0 760.0 69.0 dona impertitionis & miſericordiæ. Hinc er¬

965.0 509.0 760.0 73.0 go diſcamus, Deum ſuos inſtruere,ut & ipſa

965.0 557.0 760.0 65.0 pietas uita Dei recte apud eos habeat, & cor¬

964.0 606.0 762.0 64.0 pori nihil deſit. Tum ſicur uidemus Deum re

960.0 650.0 767.0 63.0 ctam inſtitutionẽ religionis ſemper habuiſſe

960.0 699.0 767.0 57.0 primo loco, ita putemꝰ hãc & nobis ante oia

962.0 738.0 760.0 68.0 quærendã eſſe. Quæ tum uero recte habebit,

962.0 792.0 765.0 57.0 cum in unũ corpꝰ ſub capite Chriſto cõpacti

958.0 836.0 769.0 63.0 uniri́ penitus fuerimus, & ur decer membra

960.0 870.0 764.0 74.0 unius corporis, quiſ ſuum locũ obtinebir,

964.0 922.0 762.0 61.0 & munus ſuũ religioſe obibit, ualebit́ opus

960.0 971.0 769.0 60.0 ſacræ ſubminiſtrationis, & ſancta pręcipiẽdi

964.0 1010.0 760.0 70.0 corrigẽdíꝑ authoritas. Iniercidit em pridem,

964.0 1053.0 762.0 71.0 proh dolor, in Eccleſia politia, & profligata

964.0 1106.0 765.0 61.0 eſt ſolida obedientia fidei, dum Epiſcopi non

965.0 1151.0 761.0 63.0 Chriſto, ſed ſibi, poteſtatem omnem in Ecde

965.0 1192.0 281.0 63.0 ſia exercuerunt.

1055.0 1246.0 585.0 91.0 ENARRATIO SECT. IIt.

969 1298 583 93 Dilectio non ſit ſimulata.

1167 1375 358 55 EXPOSITIO.

1008.0 1421.0 721.0 61.0 Docet hic A poſtolus unde ſit officij plena

964.0 1470.0 765.0 57.0 uoluntas & certa conſtantia. Simplicirer prę?

967.0 1518.0 762.0 48.0 cipit, nihil probar. quæ enim præcipit eiuſ¬

967.0 1561.0 760.0 53.0 modi ſunt, ut nemo Chriſtianorum neſciat,

967.0 1605.0 766.0 58.0 ea expetenda eſſe cum primis. Vnde & illud

967.0 1645.0 762.0 57.0 eſt, quòl ea præcipit tanta cum authori¬

969.0 1693.0 764.0 54.0 tate. Officium omne in eo perficitur, quod

967.0 1736.0 766.0 57.0 ſanctis, & quibuslibet eriam hominibus ad

969.0 1777.0 762.0 59.0 inſtaurationem regni Dei commodatur, in

969.0 1825.0 764.0 56.0 eo uero, quæ eſt hominum peruerſitas, ineſt

967.0 1870.0 767.0 56.0 difficultatis & moleſtiæ carni plurimum, ut

969.0 1924.0 765.0 52.0 nemo certe in officio perſtiterit, qui non ſit

971.0 1970.0 763.0 50.0 charitate præditus, primo in fratres, deinde

969.0 2004.0 765.0 63.0 in proximos quoslibet, ſimpliciſſima & cer¬

969.0 2053.0 767.0 59.0 tiſſima. Primum igitur requirit charitatem ſi

969.0 2094.0 764.0 60.0 ne ſimulatione. Agit ſiquidem uis Dei in no¬

969.0 2138.0 765.0 67.0 bis adhuc, & inde cognitio officij, ut impulſu

969.0 2196.0 765.0 48.0 naturæ mirificam omnes præ nobis charita¬

969.0 2237.0 765.0 57.0 tem erga quoslibet præferamus, at uerbis &

971.0 2280.0 762.0 55.0 geſtu ſi renati non ſumus, opere autem & ue¬

969.0 2321.0 764.0 62.0 ritate tantum renati, & pro portione nouæ in

969.0 2365.0 764.0 61.0 nobis creaturæ. Admonet igitur Apoſtolus

969.0 2412.0 765.0 61.0 nos, ut attendamus nobis ipſis, ne uel aliquid

971.0 2455.0 765.0 66.0 odij irrepat erga homines, neue uulgaris ſic

969.0 2500.0 765.0 68.0 noſtra charitas, ſimulara magis uerbis & ge¬

971.0 2543.0 763.0 73.0 ſiu, quàm reipſa uigens & ſuis ſe officijs ſyn¬

971.0 2598.0 272.0 52.0 Ccriler exerens.

1008.0 2650.0 722.0 51.0 Porrò quia ſynceræ charitatis eſt perpetuò

969.0 2684.0 757.0 61.0 benefacere, & id miro quodam ſtudio & ani

971.0 2728.0 751.0 64.0 mi propenſione in eos quibus eſt benefacien

973.0 2775.0 754.0 59.0 dum, ſtudium etiam & mira quædã propen¬

969.0 2821.0 767.0 56.0 ſio, cum in hocipſumur de hominibus bene

968 2864 767 102 mercamur, eũ in ipſos quo homines, requi

1751 2612 145 86 Auerſantes¬

1738 2744 89 110 bono.

1742.0 2680.0 152.0 45.0 malum, ad¬

1743.0 2714.0 110.0 59.0 glutinat¬

1467 2921 62 80 S 3

1620.0 2909.0 111.0 91.0 ritus
