2096 3182
378.0 76.0 108.0 97.0 418

376 143 770 100 teſtati, is reſiſtit cõſtitutioni Dei.

379 220 767 87 Qui uero reſtiterint, ij pœnã ipſi

384 283 762 101 ſibi accerſent. Qui enim Principa

382 357 764 83 tu fungũtur, ij non ſunt formidini

379 421 767 80 bonis operibus, ſed malis. Vis ue

384 495 762 77 ro poteſtatem non metuere? bene

376 543 770 93 fac, & habebis laudẽ ab illa. Dei

379 615 767 90 enim miniſter eſt, tuo bono. Si ue

387 689 759 87 ro facis quod malum eſt, metue.

387 755 759 77 Ne enim geſtat gladiũ fruſtra.

382 811 764 95 Dei nam miniſter eſt, ultor ad

382 883 776 82 ſumendum pœnas de facientibus

383.0 947.0 777.0 83.0 quod malum eſt. Subiecti eſtote

385.0 1016.0 775.0 87.0 propterea, ꝙ ita neceſſe eſt, non

384 1076 775 82 ſolum gratia effugiẽdæ pœnæ, ſed

385.0 1145.0 778.0 85.0 & cauſſa ſeruãdæ ſynceritatis con

387.0 1210.0 778.0 82.0 ſcientiæ. Hac de cauſſa & tributũ

383.0 1274.0 772.0 90.0 penditis, ſunt enim illi publici mi¬

385.0 1343.0 766.0 88.0 niſtri Dei, qin hoc ipſum incum¬

385.0 1412.0 778.0 80.0 bunt, ut omnia recte & ordine ge

383.0 1472.0 777.0 85.0 rantur. Reddite igitur omnibus

387.0 1541.0 769.0 85.0 quę debetis, cui uectigal, uectigal,

387.0 1608.0 769.0 71.0 cui tributum, tributum, cui reue¬

387.0 1672.0 769.0 83.0 rentiam, reuerentiam, cui hono¬

394.0 1741.0 534.0 74.0 rem, honorem.

435 1813 716 72 Nullius rei cui debitores ma

366 1874 790 90 nete, quàm ut diligatis inuicem ali

675.0 65.0 916.0 97.0 METAPHRASIS EPISTOLAE

1185 135 757 98 us alium. Qui enim diligit alterũ,

1185 206 762 96 is legem impleuit. Iſtuc enim, Ne

1188 273 759 92 mœchaberis, ne occideris, ne fur¬

1188 339 756 90 tum feceris, ne falſum dixeris te¬

1185 408 762 87 ſtimonium, ne adlubeſcat malũ,

1185 477 770 82 & ſi quid aliud præceptum eſt, in

1185 543 773 82 hoc ſermone comprehẽditur, hoc

1185 607 775 87 in, Diliges proximũ tuum ſicur

1185 673 765 88 te ipſum. Qui diligit proximum,

1185 737 765 87 quod malum eſt haud fecerit. Im¬

1188 814 666 87 pletio ita legis dilectio eſt.

1239.0 869.0 719.0 82.0 Et hoc cum ſciamus, tempus il¬

1183.0 940.0 776.0 78.0 lud adeſſe, quia hora aduenit, ut è

1183.0 1005.0 778.0 80.0 ſomno excitemur ( Nunc enim ſi

1191 1071 767 82 lus noſtra adeſt propius,  cum fi

1193 1140 762 77 dem amplecteremur, nox ꝓgreſ¬

1193 1201 762 90 ſa eſt, dies acceſſit) reijciamus ope

1193 1272 767 85 ra tenebrarũ, & induamur arma

1193 1336 762 87 lucis, at uti in die uerſemur ho¬

1193 1405 757 87 neſte & decenter, non indulgen¬

1193 1463 759 88 tes commeſſationibus & ebrieta¬

1186.0 1534.0 763.0 85.0 tibus, non cubilibus & laſciuiæ,

1188.0 1605.0 761.0 79.0 non contentioni & æmulationi,

1186.0 1663.0 768.0 87.0 ſed induimini Dominum leſum

1186.0 1732.0 768.0 76.0 Chriſtum, & ne curæ carnis ob¬

1191 1792 756 88 ſecundetis, ut deferatis cupiditati¬

1193 1861 223 85 bus eius.

331 1797 61 93 11

696.0 1946.0 915.0 101.0 SVMMA BORVM QVAR INSVNT

960.0 2008.0 453.0 70.0 hiſce duobus Capitibus.

464 2055 695 87 Inxitnos Deus ut ratione propria &

479.0 2121.0 668.0 67.0 ſtudio uiuam9, in ſcripturis ergo ſuis,

495.0 2174.0 660.0 55.0 quibus doctrinam nobis ſalutis imper

493.0 2220.0 662.0 49.0 tit, & rationem inſtituit, & ſtudium in¬

387.0 2257.0 773.0 58.0 flammat, hoc eſt, exponit quæ nobis in uita ſe

389.0 2303.0 766.0 65.0 ctanda ſunt, quæ fugienda: tum ad illa alli¬

387.0 2356.0 766.0 49.0 cit & inuitat, oſtenſo quid ſit in illis boni, ab

387.0 2395.0 768.0 56.0 his deterret & auocat, explicato quid habeant

383.0 2437.0 766.0 69.0 ea in ſe mali. D. Paulus ita præcipuus diui¬

383.0 2490.0 768.0 52.0 næ eruditionis adminiſter, eadem uia in com¬

385.0 2529.0 766.0 62.0 mendanda ſapientia Euangelij, quæ una ars

385.0 2579.0 766.0 65.0 uera perfecta eſt bene bearequiuẽdi, ingre¬

383.0 2623.0 768.0 62.0 ditur. Primum omnium docuit, contra er¬

383.0 2669.0 768.0 56.0 rores, quibus Saran ab hac ueritate homines

380.0 2711.0 771.0 57.0 ſeducii, defendit id in quo ſitum eſt, quod ulu

382.0 2763.0 764.0 56.0 mum bonorum, omnes expetimus, hoc eſt,

383.0 2800.0 766.0 58.0 q̃ certi reddimur de ſempiterna graria & be¬

379 2839 775 117 ceuolenua De, quod eſinoba f expardi.

1954.0 791.0 81.0 114.0 m

1193 2084 759 58 ultimum. Oſtendit enim dare, & euidentilu

1183.0 2121.0 771.0 62.0 me comprobauit, hanc certitudinem grauæ

1183.0 2169.0 776.0 65.0 bencuolentix́ Dei, ſola nobis conſtare fide

1181.0 2211.0 780.0 64.0 in dominum noſtrum Ieſum Chriſtum. Nũe

1176.0 2264.0 785.0 64.0 docet qui mores huic fidei congniant, quæ

1181.0 2306.0 782.0 66.0 ſint officia Chriſto credentium, quomodo ui

1183.0 2356.0 782.0 58.0 uere oporteat eos, qui uolunt bencuolentia

1183.0 2397.0 783.0 56.0 & charitate Dei frui continuò certius & au¬

1183.0 2443.0 782.0 61.0 ctius, tandemq́ ab ca percipere cõmunioncm

1181.0 2483.0 787.0 62.0 uitæ diuinæ abſolutam. Sicp exponẽs quod

1185.0 2533.0 783.0 55.0 operæprecium hiſce moribus & officijs face

1183.0 2575.0 789.0 67.0 re liceat, quantum boni conſequi, ſtudium in

1183.0 2625.0 790.0 53.0 huiuſmodi mores uitam́ mirifice excita &

1179.0 2664.0 184.0 58.0 incendit.

1220 2723 748 55 Et ſupra quidem, quinto, ſexto, & octauo

1178 2757 790 69 Apoſtolus expoſuit, quæ ſint ſtudia Chriſti¬

1180 2808 788 63 anorum, nempe, quæcun Deus immiſerir,

1183 2845 785 98 bonicõſulere, prauas cupiditates quæ inna¬¬

1987 2699 61 87 E¬

1989 2763 61 61 Cun

1989 2802 40 59 Et

1984 2837 61 66 aun

1827 2899 141 74 nobis
