2096 3182
378 76 108 97 418

675 65 916 97 METRPHRASIS EPISTOLRE

376 140 780 103 teſtati, is reſiſtit cõſtitutioni Dei.

379 220 777 87 Qui uero reſtiterint, ij pœnã ipſi

384 283 772 101 ſibi accerſent. Qui enim Principa

382 350 774 90 tu fungũtur, ij non ſunt formidini

379 421 777 80 bonis operibus, ſed malis. Vis ue

384 482 772 90 ro poteſtatem non metuere? bene

376 543 780 93 fac, & habebis laudẽ ab illa. Dei

379 617 777 88 enim miniſter eſt, tuo bono. Si ue

387 689 769 87 ro facis quod malum eſt, metue.

387 758 769 74 Ne enim geſtat gladiũ fruſtra.

382 806 774 100 Dei nam miniſter eſt, ultor ad

382 883 776 82 ſumendum pœnas de facientibus

382 943 774 85 quod malum eſt. Subiecti eſtote

382 1004 774 99 propterea, ꝙ ita neceſſe eſt, non

384 1076 772 82 ſolum gratia effugiẽdæ pœnæ, ſed

382 1148 774 77 & cauſſa ſeruãdæ ſynceritatis con

384 1203 772 96 ſcientiæ. Hac de cauſſa & tributũ

383 1274 772 90 penditis, ſunt enim illi publici mi¬

385 1343 766 88 niſtri Dei, qin hoc ipſum incum¬

382 1413 774 74 bunt, ut omnia recte & ordine ge

382 1469 774 82 rantur. Reddite igitur omnibus

387 1541 769 85 quę debetis, cui uectigal, uectigal,

387 1608 769 71 cui tributum, tributum, cui reue¬

387 1672 769 83 rentiam, reuerentiam, cui hono¬

390 1736 355 83 rem, honorem.

435 1813 705 64 Nullius rei cui debitores ma

395 1861 745 103 nete, quàm ut diligatis inuicem all

1193 135 749 98 us alium. Qui enim diligit alterũ,

1193 206 754 93 is legem impleuit. Iſtuc enim, Ne

1193 273 754 90 mœchaberis, ne occideris, ne fur¬

1193 411 754 90 ſtimonium, ne adlubeſcat malũ,

1193 339 751 93 tum feceris, ne falſum dixeris te¬

1193 477 762 82 & ſi quid aliud præceptum eſt, in

1193 546 765 85 hoc ſermone comprehẽditur, hoc

1193 609 767 85 in, Diliges proximũ tuum ſicur

1193 673 757 88 te ipſum. Qui diligit proximum,

1193 745 757 87 quod malum eſt haud fecerit. Im¬

1193 803 661 95 pletio ita legis dilectio eſt.

1239 869 719 82 Et hoc cum ſciamus, tempus il¬

1193 941 765 85 lud adeſſe, quia hora aduenit, utè

1193 999 767 96 ſomno excitemur ( Nunc enim ſi

1193 1071 765 82 lus noſtra adeſt propius,  cum ſi

1193 1140 762 77 dem amplecteremur, nox pgreſ¬

1193 1201 762 90 ſa eſt, dies acceſſit) reijciamus ope

1193 1272 767 85 ra tenebrarũ, & induamur arma

1193 1336 762 87 lucis, at uti in die uerſemur ho¬

1193 1405 757 87 neſte & decenter, non indulgen¬

1193 1463 759 88 tes commeſſationibus & ebrieta¬

1193 1530 754 90 tibus, non cubilibus & laſciuiæ

1196 1609 751 77 non contentioni & æmulationi,

1193 1662 759 90 ſed induimini Dominum leſum

1193 1736 759 75 Chriſtum, & ne curæ carnis ob¬

1193 1792 754 93 ſecundetis, ut deferatis cupiditati¬

1196 1866 220 80 bus eius.

334 1819 40 74 21

696 1946 915 101 SVMMA BORVM QVAR INSVNT

960 2008 453 70 hiſce duobus Capitibus.

501 2084 647 55 Inxit nos Deus ut ratione propria &

501 2121 629 69 ſtudio uiuamꝰ, in ſcripturis ergo ſuis

485 2166 647 64 quibus doctrinam nobis ſalutis impe

485 2211 647 58 tit, & rationem inſtituit, & ſtudium in

387 2257 773 58 flammat, hoc eſt, exponit quæ nobis in uita ſe

389 2303 766 65 ctanda ſunt, quæ fugienda: tum ad illa alli¬

387 2356 766 49 cit & inuitat, oſtenſo quid ſit in illis boni, ab

387 2395 768 56 his deterret & auocat, explicato quid habeant

383 2437 766 69 ea in ſe mali. D. Paulus ita præcipuus diui¬

383 2490 768 52 næ eruditionis adminiſter, eadem uia in com¬

385 2529 766 62 mendanda ſapientia Euangelij, quæ una ars

385 2579 766 65 uera perfecta eſt bene bearequiuẽdi, ingre¬

383 2623 768 62 ditur. Primum omnium docuit, contra er¬

383 2669 768 56 rores, quibus Saran ab hac ueritate homines

380 2711 771 57 ſeducii, defendit id in quo ſitum eſt, quod ulu

382 2763 764 56 mum bonorum, omnes expetimus, hoc eſt,

383 2800 766 58 q̃ certi reddimur de ſempiterna graria & be¬

379 2839 772 117 reuolenuia Dd, quod eſinoba iepamdi

1954 791 81 114 m

1196 2084 756 58 ultimum. Oſtendit enim dare, & euidentilt

1196 2116 756 71 me comprobauit, hanc certitudinem grauæ

1196 2166 762 66 bencuolentix́ Dei, ſola nobis conſtare fide

1181 2211 780 64 in dominum noſtrum Ieſum Chriſtum. Nũe

1176 2264 785 64 docet qui mores huic fidei congniant, quæ

1181 2306 782 66 ſint officia Chriſto credentium, quomodo ui

1183 2356 782 58 uere oporteat eos, qui uolunt bencuolentia

1183 2397 783 56 & charitate Dei frui continuò certius & au¬

1183 2443 782 61 ctius, tandemq́ ab ca percipere cõmunioncm

1181 2483 787 62 uitæ diuinæ abſolutam. Sicp exponẽs quod

1185 2533 783 55 operæprecium hiſce moribus & officijs face

1183 2575 789 67 re liceat, quantum boni conſequi, ſtudium in

1183 2625 790 53 huiuſmodi mores uitam́ mirifice excita &

1179 2664 184 58 incendit.

1220 2723 738 55 Et ſupra quidem, quinto, ſexto, & octauc

1178 2757 780 69 Apoſtolus expoſuit, quæ ſint ſtudia Chriſti

1180 2808 778 63 anorum, nempe, quæcun Deus immiſerir

1188 2845 770 114 bonicõſilere, prauas opidieures quæ innar¬

1989 2736 88 48 Le

1989 2760 88 56 Oeam

1992 2802 82 59 gtan

1989 2842 88 53 anie

1822 2900 136 77 nobis
