2145 3227
367.0 91.0 1168.0 97.0 METAPHRASIS CAP. XII. & XIII. AD ROM.

52.0 152.0 145.0 81.0 sectiò

52.0 222.0 143.0 73.0 PRMA·

247 338 183 119 A

462.0 184.0 508.0 72.0 DHORTOR IOIIVR

462.0 233.0 502.0 73.0 uos fratres per miſera

460.0 329.0 501.0 45.0 donles Dei, itere cor

459.0 369.0 502.0 72.0 pora ueſtra, omnẽ ex¬

190.0 430.0 764.0 82.0 ternum hominem, hoſtiã uiuam,

184.0 489.0 779.0 95.0 ſanctam, pergratam Deo, quo illi

182.0 561.0 773.0 87.0 exhibeatis cultum ueſtrum ratio¬

186.0 627.0 769.0 90.0 nalem. Et ne ſuſtinete uitam dege

184.0 695.0 771.0 84.0 re, congruentem cum uita homi¬

182.0 758.0 772.0 93.0 num huius ſȩculi, ſed transforma¬

184.0 840.0 771.0 76.0 mini renouatione mentis, quo ua¬

182.0 892.0 777.0 88.0 leatis exploratè iudicare & proba

177.0 957.0 778.0 91.0 re, quid ſit placitum Deo, quid bo

177.0 1024.0 729.0 92.0 num, pergratum, & perfectum.

255.0 1091.0 695.0 89.0 Moneo nãq; ex munere meo,

179.0 1154.0 776.0 90.0 quod ſingulari mihi Dominus be

177.0 1226.0 775.0 86.0 neuolẽtia iniunxit, unumquemq;

175.0 1289.0 777.0 82.0 inter uos, ne efferat animũ curãq;

179.0 1355.0 773.0 91.0 ſupra q; oportet efferre, ſed ani¬

179.0 1421.0 767.0 84.0 mum curamq; ſuam ſic cõparet,

179.0 1482.0 771.0 84.0 ut modeſtiã & ſui loci munerisq;

179.0 1559.0 771.0 76.0 obſeruationem tueat, quiſq; pro

179.0 1622.0 773.0 77.0 ut ei Deus uim & facultatem fidei

181.0 1685.0 773.0 89.0 religionisq; admenſus eſt. Quem

172.0 1751.0 778.0 75.0 admodũ em in uno corpore mul¬

166.0 1817.0 789.0 86.0 ta habemus membra, membra au

181.0 1884.0 767.0 77.0 tem nõ omnia eandem actionem,

179.0 1946.0 773.0 78.0 ſic multi ſumus unum corpus in

181.0 2006.0 771.0 91.0 Chriſto, ſinguli aũt aliorum mem

177.0 2079.0 775.0 86.0 bra, id uero habentes, pro beneuo

179.0 2142.0 771.0 75.0 lentia Dei quæ nobis contigit, do

177.0 2199.0 771.0 102.0 na uaria, uel prophetiam pro por¬

179.0 2276.0 771.0 79.0 tione fidei, uel munus ſacri mini¬

179.0 2332.0 776.0 95.0 ſterij cũ facultate miniſtrandi, uel

179.0 2402.0 773.0 84.0 munus docentis cum facultate do

181.0 2468.0 774.0 84.0 cendi, uel munus exhortãtis cum

175.0 2542.0 780.0 73.0 facultate exhortandi, uel munus

177.0 2603.0 782.0 84.0 impartientis cum ſimplicitate, uel

181.0 2669.0 782.0 88.0 munus regendi cũ ſtudio, uel mu

181.0 2735.0 683.0 77.0 nus miſerandi cum hilaritate.

252.0 2807.0 711.0 86.0 Dilectio ſit non ſimulata, auer¬

177.0 2861.0 786.0 126.0 ſamini eſſe moleſti, addicti ſitis be

984.0 218.0 778.0 54.0 nencenuæ, eſtote ex fraterna cha¬

993.0 250.0 773.0 78.0 ritate in uos inuicem ſingulari affe

995.0 320.0 769.0 81.0 ctu propenſi, alius alium honore

997.0 387.0 767.0 75.0 & ueneratione anteuertite, eſtote

995.0 446.0 769.0 88.0 ſtudio impigri, ſpiritu feruete, in

995.0 514.0 769.0 88.0 occaſionẽ officij intendite, ſpe gau

993.0 579.0 766.0 84.0 dete, in adflictiõe ſuſtinete, in prę¬

997.0 648.0 767.0 83.0 catione perſeuerate, in uſus ſancto

995.0 717.0 769.0 82.0 rum ueſtra communicate, hoſpita

993 779 422 85 litatem ſectamini.

1057.0 860.0 703.0 65.0 Bene precemini ijs qui uos per

993.0 917.0 762.0 74.0 ſequuntur, bene precemini inq;,

995.0 977.0 767.0 84.0 & ne male precemini. Gaudete

995.0 1043.0 769.0 82.0 cum gaudentibus, flete cum flenti

991.0 1109.0 771.0 74.0 bus. Sitis alius in aliũ eodem ani¬

988.0 1172.0 773.0 86.0 mo. Ne ſpirate ſublimia, ſed accõ¬

991.0 1238.0 770.0 76.0 modate uos humilibus. Ne inſo¬

991.0 1306.0 773.0 83.0 leſcatis apud uos ipſos, nemini ma

991.0 1380.0 771.0 75.0 lum pro malo reddite. Proſpicite

991.0 1441.0 771.0 82.0 ut geratis coram omnibus homi¬

990.0 1504.0 771.0 82.0 nibus, quæ honeſta habentur. Pa¬

993.0 1570.0 768.0 84.0 cem ſeruate quoad eius fieri po¬

995.0 1636.0 769.0 81.0 teſt, & quoad in uobis fuerit, cum

991.0 1699.0 771.0 83.0 omnibus hominibus. Vos ipſos

993.0 1765.0 769.0 81.0 dilecti ne ulciſcamini, ſed cedite lo

991.0 1830.0 771.0 81.0 cum ultioni diuinæ. Scriptum em̃

993.0 1894.0 768.0 78.0 eſt, Mihi ultio competit, & ego re

990.0 1963.0 771.0 87.0 pendam, ait dominus. Si ergo eſu

988.0 2033.0 762.0 77.0 rit inimicus tuus, ciba eum, ſi ſitit,

988.0 2093.0 767.0 83.0 pota eum. Hoc enim cum feceris,

990.0 2156.0 767.0 92.0 uelut aceruatis carbonibus ignitis

990.0 2228.0 765.0 82.0 ſuper caput eius ures eum maxi¬

988.0 2289.0 767.0 88.0 me, & cum ſalute. Ne uincarę ma¬

988.0 2357.0 613.0 86.0 lo, ſed bono uince malum.

1208.0 2422.0 341.0 60.0 CAPVT. XIII.

1041 2624 172 113 Q

1227.0 2476.0 530.0 76.0 Vicunq; præſenti uita

1210.0 2529.0 544.0 88.0 fruitur, is excellẽtibus

1221.0 2595.0 536.0 86.0 poteſtatibus ſubiectus

1246.0 2658.0 508.0 93.0 – ſit. Neq; enim eſt

979.0 2718.0 775.0 92.0 poteſtas niſi à Deo. Quæ uero po

979.0 2788.0 775.0 100.0 teſtates ſunt, eæ à Deo ſic conſti¬

990.0 2855.0 764.0 121.0 tutæ ſunt. Proinde qui reſiſtit po¬

123.0 1107.0 41.0 57.0 L

1673.0 120.0 89.0 86.0 4u

1776.0 820.0 86.0 134.0 II14

96.0 2751.0 84.0 177.0 u

1781.0 2447.0 129.0 94.0 secno

1782.0 2522.0 133.0 68.0 PRIMA.

1391.0 2939.0 73.0 86.0 R

1558.0 2925.0 196.0 83.0 teſtati,
