1128 1876
326 133 709 55 IN EPISTOLAM AD EPHESIOS

255 191 826 70 cam, habeant in ſe, ſemel admiranda ſtupendaq́; omnia,

253 247 826 57 dum abest illis, longanimitas, benignitas, neglectus ſui,

253 297 826 62 ſtudium iuſtitiæ & ueritatis in omnes, ſumma tolerantia,

255 348 828 62 facilitas, & candor, adeſt uero inuidentia, procacitas, tu

254 395 830 67 mor, fastidium fratrum, animi præfractio, iniquitas, diffi

254 447 828 65 cultas, animus ſuſpicax & infidus, nihil ſunt, eoq; nequa

255 496 825 64 quam filij Dei, et nihil minus quàm ſpiritu Christi præ¬

254 546 700 66 diti, quicquid ſimulent, aut faciant, aut habeant·

252 612 822 83 Qui prędeſtinauit pridem nos, ut in

498 676 305 70 filios ſibi &c.

302 749 780 68 Vt magis certam Apoſtolus electionem Dei, tũ omnia

251 802 832 70 ab illa pendere, perſuaderet, adijcit Deum, ſanctos præde

252 850 827 75 finiſſe, & prædeſtinaſſe, ut ſibi eos in filios adoptaret.

254 907 827 67 Quis ergocaſus poßit obtingere tam grauis, qui repro¬

252 954 825 67 bos facerct, quos Deus mutari neſcius, ab æterno præde¬

252 1002 824 67 stinauit, uitæ & hæreditati ſalutis? Sed notandus ordo,

253 1051 826 69 primum locum habet Dei electio ſiue prædestinatio, pro

252 1102 829 70 ximum adoptatio in filios, quæ aliãs uocatio dicitur, dum

251 1152 822 71 nimirum ſpiritu ſuo donatos, ad ſe Dominus trahit, ſuiq;

249 1202 828 68 cognitione donat, quos ab æterno ad hoc deputauit. Ter¬

248 1249 828 69 tio demum loco ſuccedit uitæ ſanctimonia, & dilectionis

248 1301 829 72 officio ſitas, qua bona opera proferuntur, quæ uidentes

248 1354 829 66 homines, patrem cæleſtem, cuius beneficio ea proueni¬

247 1403 828 69 unt, glorificant· Vt ita quartum in ſanctis ſit, gloria Dei,

247 1452 729 67 ex iustitia, qua illos dignatio Dei ornat, reſultans·

272 1500 805 69 Hæc ucro tanta fœlicitas in nullam aliam cauſſam re¬

244 1553 831 82 ferenda est, quam dignationem diuinæ uoluntatis, & me

94 707 139 51 Sectiun¬

95 756 97 52 cula 3·
