1128 1876
263 116 764 60 IN EPISTOLAM AD EPHESIOS

242 180 843 65 Chriſtus ſanctificantem illum ſpiritum filiorum Dei, qui

242 235 839 57 & fide illos Deo conſecrat, & per dilectionem proxi¬

241 287 841 54 mis uiuere facit, promeruit, ita ante iacta mundi funda¬

239 333 843 60 menta, gratia ſanguinis huius olim fundendi, ſancti in al¬

239 383 842 58 bum filiorum Dei inſcripti fuere. Nam ſunt Deo omnia

241 434 835 58 præſentia. Hoc uero eſt, quod Paulus ait, ἐαελέξατο

238 480 838 60 ημας ἐμ ἀυτῳ, id est, aduerbum, elegit nos in ipſo, ego

239 531 837 60 uerti per ipſum, quo dilucidius eſſet, Paulum Chriſti me¬

237 582 835 56 ritotribuere nostri electionem. Niſi quis forte, perhoc,

241 631 838 57 (in ipſo) intelligat, ſanctos in Christo, id est, ut membra

236 679 838 60 eius, ſimul cũ ipſo, in uitam ſanctam & beatam fuiſſe de¬

236 730 838 60 ſtinatos, qui quidem ſenſus, cũ Pauli doctrina haud male

237 780 834 60 quadrat, ſed nec à priore multũ euariat· Id eni ꝗ ſanctos

235 829 839 61 Deus ſimul cũ Christo, ut eius membra, in ſortem filiorũ

235 878 836 62 ſuorum elegit, utiq; merito capitis Christi, ipſis contigit.

234 928 835 63 Et in Chriſto electum eſſe, uitaq́; ſancta & beata donari,

233 980 839 60 haud aliud est, quã Christi merito & gratia electis adnu

232 1031 838 60 meratum eße, facultatemq́; ſancte & beaté uiuendi, di¬

232 1082 262 56 uinitus accipere.

276 1126 793 62 Animaduertendum hic, quod & per potiorem Epi¬

242 1175 826 67 stolæ partem Apostolus inculcat, à libera Dei electione,

240 1224 823 72 meritoq́ Christi, omnẽ nobis sanctimoniam, & felicitatẽ

240 1278 823 61 contingere, et nullis nostris operib· Eoq́ qui uere Deo ſi

225 1328 847 63 dit, hoc est, per ſpiritũ ſanctum pſuaſus, certa ſpe expe¬

230 1378 840 62 ctat, dũ ſe Deus iuſtũ & beatũ reddat, eũ neceſſe eſt, ni¬

228 1430 841 58 hil minus timere, qut ex albo filiorum Dei aliquando ex¬

225 1478 841 66 pungatur, fideq́ excidat. Sicut expungi illũ, atq; fide ex¬

224 1527 834 79 cidere, tã impoßibilc eſt, quã ut Deipropoſitũ reddatur

71 1210 138 76 Perſeue¬

78 1286 103 58 rantia

76 1329 92 72 fidei·
