1128 1876
93 484 115 66 Gratia.

309 95 713 78 IN EPISTOLAM AD EPHESIOS

255 169 820 89 Beneuolentiam uobis & pacem Dei

433 236 521 75 patris & Domini noſtri

553 290 272 85 Ieſu Chriſti.

288 402 788 77 His uerbis fauorem Dei & Christi Epheſijs precatus

254 457 822 70 est, quem gratiæ, pro qua beneuolentiam poſui, maio¬

250 507 826 71 ris lucis gratia, & pacis nominibus expreßit. Ad Ti¬

250 555 823 73 moth. & Titum adiecit, & miſericordiam, utiq ut uim

252 604 823 74 diuint fauoris magis explicaret. Sanc ubi in ſcripturis le¬

250 657 823 64 gimus inueniſſe aliquos gratiam in oculis Dei, uet homi¬

249 706 826 70 nis alicuius, nihilaliud ſignificatur quã Deũ, ueleum ho¬

248 757 825 68 minem illis fauere, atq; eße beneuolum. Moſcheh Deus te

246 804 827 76 status fuerat inueniſſe eum gratiam in oculis ſuis, huius fi

246 858 827 70 dutia ille orabat. In quo tandem cognoſcetur, quod inuc¬

246 909 825 67 nerim gratiam in oculis tuis, ego & populus tuus? Nun¬

244 955 822 74 quid ſi ambules nobiſcum, et admirabiles facti fuerimus,

246 1013 824 63 ego & populus tuus præ omnibus populis, incolentibus

243 1056 827 70 hunc orbem? 2·Moſcheh33·Quæ oratio huiuſmodi fuit.·

251 1107 823 70 Quo Deus palam fiet, quod nos diligis, beneuolentiaq́; et

244 1162 829 64 fauore tuo me & populum tuum proſequeris, niſi dedu¬

241 1210 831 64 cens nos, & admirandos præ alijs populis reddens id de¬

241 1255 830 72 clares? Sic quod Iacobũ legimus fratri ſuo Eſau munera

244 1304 829 72 miſiſſe, ut inueniret gratiã in oculis eius 1. Moſcheh.2¬

247 1356 828 68 ſi idiotiſmum ebræum nostris uerbis explicare uolueri¬

247 1409 825 77 mus, dicemus illum dona fratri miſiſſe, ut emereretur fa¬

958 1474 116 68 uorem

60 808 155 86 Igur.
