1128 1876
291 125 710 57 IN EPISTOLAM AD EPHESIOS

226 188 834 65 nobis, non ſine ſatiſfactione, ita exigente Dei iuſtitia, con£

225 250 835 53 tingere potuit, eaq; ſanguinis, ab omni peccato puri· Vn¬

226 293 832 56 de incarnari illũ, & in carne innocẽtem pro nocentibus,

228 341 833 59 ſanctũ mori pro impuris oportuit. Qua etiã cauſſa, & ſi

225 393 836 59 uerum hominẽ, abſ tamen uirili ſemine, ex adũbratione

227 441 837 61 uirtutis altißimi, & opera ſpiritus ſancti, concipi illum

229 492 829 59 & naſci neceſſe fuit Sanguis itaq́; Domini nostri IESV

230 542 832 60 Christi, ut Deo nihil non præſens eſt, placatio & ſatisfa¬

229 591 834 60 ctio extitit ab eo, quod homo cecidit, & ſemper erit, ob

231 645 835 55 quam Deus peccatis condonatis propitius, ijs, quos adui

231 694 835 59 tamordinauit, ſpiritũ illum ſuum, de quo diſſeruimus, do

230 745 837 56 nat, eoq; ad futuræ & beatæ uitæ, cum meditationem, tũ

231 795 834 60 ſpem prouocat & agit, atq; in cælos ſupernam Ieruſa¬

230 843 545 57 lem habere intentum animum efficit.

279 893 789 60 Hæc ſanguinis Christi expiatio & ſatiffactio, per ua

233 945 837 60 ria illa & frequentia, ſacrificia patrũ, legisq́, adumbra

232 1043 835 62 dor aduſtæ carnis? At omnis peccati purum filium eius,

233 1096 836 58 uitam ſuam, & omnia chara, ad ipſius mandatum, mor¬

232 1148 839 56 te, ſummaq́; ignominia, animo prono cõmutare, id demit

235 1192 836 62 delectare gratumq; ipſi eſſe potuit. Alius ſiquidem ho¬

236 1246 837 57 nor Deo impendi ab hominc non poteſt, quàm ut uolunta

236 1294 835 59 tem eius, qua nihil eſt melius, rebus ſemel omnibus præſe

237 1347 837 56 rat·Quodis plene demũ poterit, qui ob illam etiam cede

235 1394 840 63 re uitam ſuſtineat, id quod ſeruator noſter fecit· Mori¬

235 1446 842 61 mur quidem & nos, at hanc nostrã, nõ tam uitã, quã uitæ

235 1495 841 70 umbrà, quã ob peccatũ pridẽ pdidimus, in gratiã Deinõ

237 991 826 68 ta ſuit· Quid enim Deum afficeret cædes pecudum, & ni

920 1552 150 60 ponimus,

84 978 125 63 Neceẞitas

75 1028 125 63 sanguinis

82 1077 108 72 Christi·
