1128 1876
123 121 651 74 M. BUVERI COMMENTARIVS

46 199 834 65 ſiſtit & promouetur. Quare ſancti omnes plurimi ſem¬

43 256 837 60 per in gratiarum actionibus fuere, apud nos, quod infre¬

41 304 840 60 quentes habentur, ſtupentis ad Dei bonitatem animi, ar¬

44 352 836 62 gumentum eſt. Paulus in omnibus ſuis Epiſtolis, præter

42 401 838 64 cas quæ ad Galathas & Titum ſcriptæ ſunt, à gratiarum

41 451 839 61 actione exordium fecit· In altera ad Corinthios, eiſdem

41 502 840 63 etiam, quibus hic uerbis, quibus & Petrus ſuam auſpica

41 553 837 59 tus est, prioremillam, quæ germana Petrina habetur.

46 601 834 61 Quod autem ad Galathas ab illorũ obiur gatione, & non

44 654 836 59 pro more ſuo à gratiarumactione exorditus eſt, in aper¬

42 700 838 66 to cauſſa eße uidetur. Eo enim relapſi erant, ut obiurgan

42 751 841 64 di magis quam pro cis gratiæ agendæ eſſent. In ea uero

40 800 841 65 ad Titum studuiſſe uidetur non pauca præcepta quã bre¬

41 847 840 68 uißime complecti, qua forte cauſſa noluit in gratiarum

40 902 841 56 actione & commemoratione beneficiorum Dei immora

40 949 839 67 ri, præſertim apud eum, apud quem indubie iugis & ui¬

40 1001 563 55 ua bonitatis diuinæ memoria uigebat.

88 1046 781 67 Patrem Domini noſtri IESV Chriſti, hic Deũ uocat.

50 1094 822 65 quod nimirum Dominus primo genitus ſit, & unice dile¬

39 1148 836 67 ctus filius, cuius omnia patri probantur, ſplendor gloriæ

42 1199 830 69 & expreßa imago ſubſtantiæ eius Heb·1·p quem deniq

40 1247 835 70 cõtingit & nobis, ut in filios pater adoptet, in quibus ſci¬

39 1296 810 74 licet ipſius et merito & ſpiritu, imaginẽ ſuam restituit,

830 148 55 44 24

885 1041 156 58 Pater Do

899 1092 139 80 mini Ieſu·

143 1369 615 80 Qui omni nos genere ſpiri¬

219 1438 447 76 tualis beneſicentiæ.

739 1561 138 55 Aduer¬
