1128 1876
312 195 781 64 Aduerbum græca habent. Qui benedixit nos in omni

264 253 825 56 ſpirituali benedictione, in cæleſtibus Chriſto. Iam ſatis

260 298 828 61 conſtat Dei benedicere eſſe benefacere, & benedictionẽ

260 349 828 59 eius beneficentiam. Sic benedixit primis noſtris parenti¬

260 399 826 59 bus indita uirtute gignendæ prolis, collataq́; uirtute ani¬

258 448 830 60 mantibus alijs dominãdi 1. Moſcheh 81· Quod ergo Pau

260 499 824 57 lus ſcripſit. Qui benedixit nos omni benedictione & c·

260 549 829 61 quo facilius Apoſtoli ſenſus perciperetur, reddidi. Qui

262 599 828 58 omni nos genere ſpiritalis beneficentiæ, bonis nimiram

260 646 830 61 cælestibus, affecit· Nam hoc, In cælestibus, adiectum pu¬

262 696 830 62 to, ad explicandum, quid benedictionem ſpiritualem uo¬

263 746 829 64 caſſet. Eadem nanq; bona ſunt cæleſtia, quæ & ſpiritua¬

262 798 831 60 lia, nimirum, quibus ditatos & Corinthios Apoſtolus ſcri

263 847 829 63 bens illis, gloriatur. Sermo ſcilicet Dei, iuſtaq́; cognitio

264 896 829 64 myſteriorum Dei, alia́ ſpiritus dona, quibus teſtimoni¬

265 948 830 59 um IESV Chriſti confirmatur. Dicũtur autem ideo cæle

266 1001 827 56 ſtia, quod nihil eorum terrenus Adamuel percipit· Dicun

266 1048 825 63 tur & ſpiritualia, quia operatur ea in nobis ſpiritus Dei,

267 1098 551 59 cum nihil tale poßit caro & ſanguis·

315 1147 783 63 Illud Christo, per Chriſtum uerti, quia hic ſpiritus

270 1196 830 61 Chriſti donum eſt, de quo infra 4·ſecti·3· Si quis tamen

270 1246 830 63 uelit hoc intelligere, quaſi Apostolus ſignificarit, nos ſpi

271 1297 828 59 ritualibus illis bonis Christo ornari, ad cuius gloriam ſan

271 1350 828 57 cti omnia referunt, cum eo non pugnauero, quanquam

273 1398 828 56 prior ſenſus uideatur germanior. Monemur uero hicut

271 1447 833 57 cognitionem Dei, fontem omnium bonorum ſpiritualium

271 1497 831 70 cunctis rebus anteferamus. Si nan quicquam aliud præ

320 127 713 64 IN EPISTOLAM AD EPHESIOS

89 284 151 64 Benedixit

90 347 72 42 nos·

92 636 154 63 In cæleſti¬

94 699 72 55 bus·

960 1546 142 64 ſtabilius,
