1128 1876
304 145 711 62 IN EPISTOLAM AD EPHESIOS

260 209 819 66 & fauore, & donet, ut ſecundauobis ſint, & recte ha¬

263 261 212 55 beant omnia

304 310 779 63 Dominum autem noſtrum IESVM Chriſtum cum

258 364 821 58 patre Deo coniunxit, quod per eum omnis in nos Dei &

256 412 828 60 beneuolentia & beneficentia deriuetur. Vt enim meruit

256 459 821 65 hanc nobis ſua morte, ita poſuit eum pater ſuis caput &

257 511 826 62 principem, qui ſuo ſpiritu eius quo participes, illos red

256 560 827 61 dat· Condita ſunt per eum omnia·Iohan·1·ita inſtaurare

257 608 824 68 quoq cuncta per ipſum pater uoluit, de quo infrà hoc ça

256 657 350 64 pite ſectiuncula quinta·

300 710 780 64 Deum autem patrem appellat, quia electis, quorumut

254 758 825 64 ſibi ſpiritu ſuo renatorum, pater exiſtit, ſcribit. Chriſtum

250 812 829 57 ferè Dominum nostrum uocat, quia illum in præſenti re¬

253 859 828 61 gnare pater uoluit, donec hoſtes uniuerſi pedibus eius

252 909 828 62 ſubijciant nr· 2·Corin·15·Habent autem hæ uoces uim ſi¬

250 957 829 65 mul ſuadendi fidem eorum quæ precantur, ſi enim Deus

251 1009 826 63 pater, & IESVS Chriſtus, qui iuxta nomen ſuum ſer¬

248 1057 831 60 uator & beator est ſuorum, Dominus noſter exiſtit, cer

248 1107 827 63 ti ſumus, ut beneuolentiæ eorum, ita & ſolidæ felicitatis,

250 1156 830 65 quæ pax illa Dei & Chriſti eſt, nos compotes & iam

252 1207 828 61 per fidem eße, & olim plenißime per reuelatam fruitio¬

248 1254 828 66 nem fore· Illud per ſe ſatis patere puto. Idem eſſe beneuo

246 1306 830 66 lentiam & pacem Dei, atque beneuolentiam & pacem

251 1355 125 57 à Deo.

285 1405 795 61 Docemur autem hic fauorem Dei rebus omnibus an¬

248 1455 833 63 teferre, quod ab ipſo ſolo ueniat pax, id eſt, rerum omni¬

252 1509 829 67 um felicitas uera, cum fauor hominum à uero et bono ſæ¬

974 1560 109 72 pißime

92 300 148 55 Dominus

97 344 87 62 Ieſus.

88 749 101 61 Pater·
