1128 1876
100 131 707 61 M. BVCERI COMMENTARIVS.

830 147 60 46 29

53 193 839 69 ponimus, ſed ea meritis et inuitis eripitur. Cuius deniq;

52 249 844 61 amore, mille modis, uoluntati Dei repugnamus. At Domi

52 295 844 64 nus Ieſus declarauit ſe patrẽ uere diligere, ad cuius manda

52 346 794 62 tum ultro ſeſc morti obtulit, cui prorſus nihil debebat·

95 395 796 64 Hoc admirandum illud Dei conſilium ſuper nos fuit,

54 449 838 61 et cogitationes, quæ omnẽ narrationẽ ſuperant, de quib·

56 497 839 61 pſalmus 40· canit: Mirabilia tua Domine Deus, multa fe¬

52 547 845 64 cisti, cogitationes tuæ ſuper nos, plures apud te ſunt, quã

55 598 839 60 earum poßit ordo statui, quantumuis narrem & loquar

54 646 842 62 de illis, enarrari non poſſunt· Sacrificium & oblationem

53 697 842 63 non probasti, aures perfodiſti mihi (nimirum ut perpe¬

53 748 842 62 tuò domi tuæ ſeruirem, tuæ uoluntati, quantus quantus

56 795 838 62 ſum addictus, ſicut ſeruis fiebat, quos iuuabat heris ſuis

55 847 841 60 perpetuò adhærere.2. Moſcheh 21.) holocaustum & ho

55 897 842 61 stiam pro peccatis non postulasti· Tunc dixi, en uenio, in

53 946 847 62 uolumine libri ſcriptum de me est, ut faciam beneplaci¬

54 997 844 60 tum tuum Deus meus, id perplacuit, & lex tua in intimis

54 1045 846 64 meis (ut ſcilicet nihil æque libeat, at́ tuæ uoluntati ſtude

54 1100 842 58 re) Annunciaui iustitiam tuam in concione multa &c·

54 1146 841 61 Hæc ucrounus quo Chrislus potuit, cum omnium mor

55 1196 842 63 talium uoluntas tantum ad malum prona ſit, neq; poßit

55 1245 840 66 in gratiam Dei amplecti, quæ ſibijpſi commodo eſſe agno

58 1294 840 66 ſcit, tam abeſt ut mortem studio Dei ſuſciperet, cedens illi

56 1348 841 61 uitam & omnia. Solus ergo Dominus noster Ieſus Chri¬

56 1395 841 65 stus hostia illa fuit, quæ placare Deum humano gencri

60 1447 838 62 potuit, & quem uolumen libri, omnis ſcilicet ſcriptura

57 1495 841 69 ſacra ſub typo tam multiplicium ſacrificiorum, deſigna¬

495 1556 38 69 D

597 1558 46 83 5

684 1552 212 70 uit conſum¬
