1128 1876
313 138 720 60 IN EPISTOLAM AD EPHESIOS

248 211 819 56 liberat. Id uero hic incipit, dum libertatis ſpiritum donat,

247 263 823 59 qui ad honesta, uitamq́ DEO dignam reuocat & im¬

248 313 823 59 pellit, quantumlibet interim repugnet, ſæuiens adhuc in

243 363 828 58 membris corpuſculihuius peccato corrupti, uis illa ad ma

244 417 827 52 lum protrahens, quam legem membrorũ & peccati Pau

243 461 828 59 lus alibiuocat. Atque hic ſpiritus, pignus certaq́; obſigna

244 512 824 58 tio & σφράγισ, unctio & arrabo eſt plenæ libertatis,

247 561 823 55 quam tum demum conſequentur electi, dum mortalia eo

242 618 826 50 rum corpora, ad immortalemuitam fuerint immutata, re

248 658 695 62 ſuſcitata ſcilicet per Christum, in die nouißimo·

291 709 780 55 De quo ſpiritu Paulus Rom·8. Vos uiuitis iam, non ui

242 759 828 58 tam carnis & naturæ huius, ſed ſpiritus, quandoquidem

241 806 832 61 habitat in uobis ſpiritus Det. Nam qui ſpiritum Chriſti

243 860 827 54 non habet, non eſt eius. Si uero Chriſtus inuobis (hoc eſt,

246 909 827 62 ſi ſpiritus eius uobis contigit, & in uobis agit) corpus qui

244 964 827 56 dem morti eſt obnoxium, propter peccatum, & propen¬

243 1010 830 59 ſionem ad mala, uſq; in illo furentem. Spiritus autem iste,

243 1059 829 59 uita eſt, eo quod ad iuſtitiam impellat· Cumq; ita ſpiritus

242 1109 830 56 eius, qui IESVM excitauit à mortuis, in uobis habitat,

241 1159 833 59 idem Deus & pater, qui Chriſtum à mortuis excitauit, ui

241 1208 832 58 uificabit & ueſtra mortalia corpora, per inhabitantem

241 1257 829 60 in uobis ſpiritum ſuum· Hæc Paulus, cuius ſententiam ap

246 1309 829 58 pendere, quàm numerare uerba malui. Qui pauculis in

242 1359 829 57 teriectis codem loco, hunc ſpiritum uocat adoptionis,

241 1405 836 61 quod eo in filios nos ſibi Deus adoptet, ſui in nobis ima¬

242 1454 833 65 ginem reſtituens, quo tum freti, patrem ipſum filiali fidu

241 1506 832 86 tia inuocamus, qui ſpiritus, noſtro quo ſpiritui, hoc eſt,

982 1562 95 65 menti

79 401 147 97 lex membre
