1128 1876
111 117 691 76 M. BVCERI COMMENTARIVS·

858 134 47 64 28

57 199 842 65 menti noſtræ teſtatur, quod filij & hæredes Dei, cohære

59 251 838 67 des́ Christi ſumus, pariter glorificandi olim, ſi tamẽ pri£

61 305 336 57 us compaßi fuerimus.

123 347 762 64 Plena ergo nostri redemptio, & in libertatem uindi¬

60 555 836 57 nis omnibus beati. Hunc autem ſpiritum, quo Deum no¬

60 602 837 60 bis datur, hic uel ex parte cognoſcere & amare, certo au

58 655 837 56 tem ſperare, olim nos cognituros & amaturos illum, ſi¬

58 702 838 61 cut cogniti & amati ab ipſo ſumus, indeq; uera felicitate

61 753 836 58 fruituros, à capite noſtro Christo, pater uoluit in mẽbra

57 801 841 61 illius deriuari Ipſe abſ menſura, nos de plenitudine eius

58 854 838 62 cum mẽſura illum accipimus omnes·Hinc recte de ſe præ

58 902 838 65 dicauit, non niſi per ſe ad patrem poſſe perueniri, neq; pa

58 953 837 63 trem à quoquam cognoſci, niſi ſe reuelante. Quare qui

58 1004 836 59 unquam à condito orbe, Deum cognouerunt, aut porrò

58 1053 835 60 cognoſcent, & iuſtitiæ inde participes factifuere, & in

62 1104 832 59 poſterum erunt ſpiritu hoc diuino, per Christum æter¬

58 1154 837 56 num uerbum Dei, donati extiterunt, & donabuntur, qui

62 1202 834 60 ſolus hic timore amoreq́ Dei, & in proximos officioſita

59 1253 835 60 te, immortalitatem docet meditari, ſpeq; huius olim plene

58 1304 745 59 conſequendæ, erigere & confirmare animos ſolet·

105 1353 791 60 Atqui hæc tãta Dei benignitas, qua in longe ſublimio

61 1402 837 59 rem at nobiliorẽ locũ reſtituimur, quã erat unde recidi

58 1453 839 69 mus, uere à morte & redempti, uindicatiq́; per Chriſtũ

56 397 829 61 catio erit, cũ per hunc ſpiritum Dei & Chriſti, animo &

67 451 818 61 corpore, ad imaginem primo geniti, perfectere nouati ſue

75 495 801 72 rimus, non tantum liberi peccato & morte, sed simul bo¬

605 1512 117 61 D.4

780 1504 120 62 nobis,

907 326 136 74 Quomo¬

894 392 165 59 do conſtet

912 439 137 62 nostri re¬

916 490 113 88 demptio·
