1128 1876
103 123 658 63 M. BVCERI COMMENTARIVS·

829 132 36 44 27

40 180 833 67 ritum IESV Chriſti, propter quemeffuſc adeo ſibi dile

41 232 830 63 ctum, ut eius caußa diligat & nos, Deus in ſortem nos fi¬

41 282 831 66 liorum ſuorum elegit, prædeſtinauit, uocauit, adoptauit,

41 331 831 66 iustificat & glorificat· Monemur hic finem omnis tuſti¬

41 383 830 59 tiæ nostræ eße, ut gloria diuinæ beneuolentiæ, cuius est,

42 431 827 61 quicquid in nobis boni eſt, celebris in nobis reddatur· Vt

42 481 827 61 de nobis cani illud poßit· Magnus Dominus & laude am

44 528 825 70 plißima proſequendus, in ciuitate Dei noſtri, monte ſan¬

43 581 829 61 cto illius · Regio pulchra, lætificans totum orbem &c.

44 630 833 64 Pſal·48· Item illud · Quàm amabilia ſunt tabernacula

42 682 834 62 tua Domine exercituum &c.Pſal·84. Iam quo alio De¬

43 732 834 61 us in nobis, & agnoſcatur certius, et glorificetur magni

43 779 832 69 ficentius, quàm ubi in nobis propenſa, & omnibus inſer¬

42 832 834 63 uiens uigeat dilectio, qua boni in quoſlibet, optimum in

42 884 834 59 omnia patrem referimus? Hinc arbori iuxta riuos aqua

43 930 829 65 rum tranſplantatæ, & ſuo tẽpore fructus ſuos reddenti,

44 980 831 66 ſemper uirenti palmæ, oliuæ quoq & uiti fructiferæ, hor

42 1031 831 68 to omne genus fructuum feraci, ſancti in ſcripturis aßi¬

44 1091 159 52 milantur.

197 1154 523 71 Per quem ſatiſfaciente.

94 1237 783 61 Opus mediatoris fuſius explicat· In Chriſto inquit, ha

43 1293 834 54 bemus redemptionem per ſanguinem eius, remißionem

44 1342 832 57 peccatorum. Sane ex eo quod natura non poſſumus niſi

44 1390 832 59 peccare, propendente ad malum à puero omni cordis hu¬

45 1441 834 58 mant cogitationc 2·Moſcheh 8. uenundati ſumus pecca¬

45 1490 839 77 to & morti· A qua ſeruitute, imò morte, ſolus filius uere

577 1542 96 54 D 3

755 1537 126 62 liberat·

880 412 135 55 Laudari

879 462 135 57 in nobis

879 513 157 59 Deus de¬

887 559 53 77 bet·
