<?xml version="1.0" encoding="UTF-8"?>
<alto xmlns:xsi="http://www.w3.org/2001/XMLSchema-instance"
      xmlns="http://www.loc.gov/standards/alto/ns-v4#"
      xsi:schemaLocation="http://www.loc.gov/standards/alto/ns-v4# http://www.loc.gov/standards/alto/v4/alto-4-2.xsd">
  <Description>
    <MeasurementUnit>pixel</MeasurementUnit>
    <sourceImageInformation>
      <fileName>bsb00035303_00046.jpg</fileName>
    </sourceImageInformation>
  </Description>
  <Tags>
    <OtherTag ID="BT7" LABEL="CustomZone" DESCRIPTION="block type CustomZone"/><OtherTag ID="BT10" LABEL="DropCapitalZone" DESCRIPTION="block type DropCapitalZone"/><OtherTag ID="BT11" LABEL="GraphicZone" DESCRIPTION="block type GraphicZone"/><OtherTag ID="BT12" LABEL="MainZone" DESCRIPTION="block type MainZone"/><OtherTag ID="BT13" LABEL="MarginTextZone" DESCRIPTION="block type MarginTextZone"/><OtherTag ID="BT15" LABEL="NumberingZone" DESCRIPTION="block type NumberingZone"/><OtherTag ID="BT17" LABEL="QuireMarksZone" DESCRIPTION="block type QuireMarksZone"/><OtherTag ID="BT18" LABEL="RunningTitleZone" DESCRIPTION="block type RunningTitleZone"/><OtherTag ID="BT22" LABEL="TitlePageZone" DESCRIPTION="block type TitlePageZone"/><OtherTag ID="BT985" LABEL="MainZone-Other" DESCRIPTION="block type MainZone-Other"/><OtherTag ID="BT986" LABEL="MainZone-Signature" DESCRIPTION="block type MainZone-Signature"/><OtherTag ID="BT987" LABEL="MainZone-Head" DESCRIPTION="block type MainZone-Head"/><OtherTag ID="BT988" LABEL="MainZone-P" DESCRIPTION="block type MainZone-P"/><OtherTag ID="BT989" LABEL="MainZone-P-Continued" DESCRIPTION="block type MainZone-P-Continued"/><OtherTag ID="BT990" LABEL="MarginTextZone-Notes" DESCRIPTION="block type MarginTextZone-Notes"/><OtherTag ID="BT991" LABEL="MainZone-Lg" DESCRIPTION="block type MainZone-Lg"/><OtherTag ID="BT1884" LABEL="MainZone-Sp" DESCRIPTION="block type MainZone-Sp"/><OtherTag ID="BT1885" LABEL="MainZone-Entry" DESCRIPTION="block type MainZone-Entry"/><OtherTag ID="BT1886" LABEL="MainZone-Sp-Continued" DESCRIPTION="block type MainZone-Sp-Continued"/><OtherTag ID="BT2601" LABEL="text" DESCRIPTION="block type text"/>
    <OtherTag ID="LT7" LABEL="CustomLine" DESCRIPTION="line type CustomLine"/><OtherTag ID="LT8" LABEL="DefaultLine" DESCRIPTION="line type DefaultLine"/><OtherTag ID="LT9" LABEL="DropCapitalLine" DESCRIPTION="line type DropCapitalLine"/><OtherTag ID="LT10" LABEL="HeadingLine" DESCRIPTION="line type HeadingLine"/><OtherTag ID="LT11" LABEL="InterlinearLine" DESCRIPTION="line type InterlinearLine"/><OtherTag ID="LT12" LABEL="MusicLine" DESCRIPTION="line type MusicLine"/><OtherTag ID="LT767" LABEL="default" DESCRIPTION="line type default"/>
  </Tags>
  <Layout>
    <Page WIDTH="1128"
          HEIGHT="1876"
          PHYSICAL_IMG_NR="45"
          ID="eSc_dummypage_">
      <PrintSpace HPOS="0"
                  VPOS="0"
                  WIDTH="1128"
                  HEIGHT="1876">
        <TextBlock HPOS="280"
                   VPOS="92"
                   WIDTH="761"
                   HEIGHT="69"
                   ID="eSc_textblock_e4d4da93"
                   TAGREFS="BT18">
          <Shape><Polygon POINTS="280 92 280 161 1041 161 1041 92"/></Shape>
          <TextLine ID="eSc_line_f733a065"
                    TAGREFS="LT767"
                    BASELINE="304 149 1027 151" 
                    HPOS="303"
                    VPOS="105"
                    WIDTH="724"
                    HEIGHT="63">
            <Shape><Polygon POINTS="1022 115 1012 115 1001 115 991 115 981 115 970 114 960 114 949 114 939 114 928 114 918 114 908 113 897 113 887 113 886 113 876 113 866 113 855 113 845 112 835 112 824 112 814 112 803 112 793 112 788 111 765 113 761 111 751 111 741 111 737 110 732 112 724 110 720 110 709 110 706 110 701 114 677 114 661 109 657 109 648 109 644 113 593 113 587 108 584 108 574 108 564 108 553 108 543 107 532 107 497 112 485 107 484 107 483 107 482 107 481 107 472 113 369 113 361 106 360 106 359 106 335 106 334 106 333 106 332 106 324 112 305 105 304 149 303 159 321 166 322 166 323 166 352 161 379 167 380 167 381 168 527 168 527 167 528 167 529 167 536 162 537 161 544 162 570 167 571 167 607 163 624 161 645 163 685 168 687 168 731 164 757 162 779 165 804 168 805 168 868 167 869 167 870 167 871 166 876 162 1025 167 1027 151 1026 115 1022 115"/></Shape>
	    <String CONTENT="IN EPISTOLAM AD EPHESIOS"
                    HPOS="303"
                    VPOS="105"
                    WIDTH="724"
                    HEIGHT="63"
                    WC="0.9937986383835474"></String>
          </TextLine>
        </TextBlock>
        <TextBlock HPOS="244"
                   VPOS="250"
                   WIDTH="862"
                   HEIGHT="1298"
                   ID="eSc_textblock_9163f65a"
                   TAGREFS="BT988">
          <Shape><Polygon POINTS="244 250 244 1548 1106 1548 1106 250"/></Shape>
          <TextLine ID="eSc_line_de82f730"
                    TAGREFS="LT767"
                    BASELINE="297 291 1081 294" 
                    HPOS="296"
                    VPOS="252"
                    WIDTH="785"
                    HEIGHT="60">
            <Shape><Polygon POINTS="1068 261 1058 260 1047 259 1039 259 1025 264 974 255 966 254 966 255 950 265 866 265 856 259 855 259 854 259 853 259 852 259 832 264 685 264 666 255 661 253 660 253 659 253 658 253 655 255 636 264 600 264 568 255 558 252 557 252 491 252 489 252 488 252 483 255 467 262 432 262 420 255 415 252 414 252 413 252 412 252 399 255 381 258 362 255 349 252 348 252 297 254 297 291 296 300 337 309 338 309 554 302 615 310 616 310 617 310 640 303 651 308 652 308 653 308 720 303 729 309 730 309 731 309 732 309 779 305 820 311 821 312 897 312 897 311 898 311 899 311 909 305 922 311 923 311 924 312 1036 312 1036 311 1080 303 1081 294 1080 261 1079 261"/></Shape>
	    <String CONTENT="A gratiarum actione, &amp; commemoratione ſuæ pro"
                    HPOS="296"
                    VPOS="252"
                    WIDTH="785"
                    HEIGHT="60"
                    WC="0.987842877705892"></String>
          </TextLine>
          <TextLine ID="eSc_line_b1e8278e"
                    TAGREFS="LT767"
                    BASELINE="251 339 1082 343" 
                    HPOS="250"
                    VPOS="302"
                    WIDTH="832"
                    HEIGHT="62">
            <Shape><Polygon POINTS="251 339 250 354 280 361 281 362 399 362 399 361 400 361 417 354 423 352 444 354 474 358 475 358 524 354 546 353 554 354 586 362 587 362 589 362 609 354 611 353 666 353 669 354 685 363 687 363 688 364 731 364 731 363 732 363 750 354 751 354 775 354 786 362 787 362 788 362 789 362 845 354 851 354 854 354 889 364 890 364 891 364 892 364 893 364 905 356 916 364 917 364 918 364 919 364 954 359 999 364 1000 364 1001 364 1036 355 1081 355 1082 343 1080 308 881 314 868 308 859 304 857 304 856 304 855 304 845 308 831 313 821 308 813 304 812 304 811 304 810 304 798 308 786 313 779 308 774 304 773 304 772 304 726 304 725 304 724 304 723 304 718 308 715 311 670 313 608 313 602 308 600 307 599 307 598 307 597 307 583 309 557 312 551 309 544 303 543 303 542 303 491 303 489 303 488 303 470 309 458 312 445 309 414 302 413 302 333 303 332 303 331 303 324 309 314 302 313 302 312 302 261 302 260 302 259 302 258 302 251 306 251 339"/></Shape>
	    <String CONTENT="Epheſijs precationis, &amp; utraq ſatis prolixa, ut quibus"
                    HPOS="250"
                    VPOS="302"
                    WIDTH="832"
                    HEIGHT="62"
                    WC="0.9906193967218753"></String>
          </TextLine>
          <TextLine ID="eSc_line_c1d62dc6"
                    TAGREFS="LT767"
                    BASELINE="249 389 1082 391" 
                    HPOS="248"
                    VPOS="354"
                    WIDTH="834"
                    HEIGHT="54">
            <Shape><Polygon POINTS="249 389 248 399 296 400 306 407 307 407 308 407 309 407 335 402 346 407 347 407 348 408 413 408 413 407 414 407 440 401 474 401 483 407 484 407 485 407 486 407 487 407 488 407 497 402 542 407 543 407 544 407 566 401 587 407 589 407 590 407 641 401 644 401 648 401 725 407 726 407 787 402 804 408 805 408 806 408 1081 402 1082 391 1080 358 943 364 933 358 929 357 928 357 927 357 926 357 922 358 910 365 877 365 864 359 853 355 852 355 851 355 850 355 840 359 827 365 788 365 773 359 759 355 758 355 757 355 756 355 739 360 736 360 732 360 708 355 707 355 706 355 705 355 699 360 695 363 684 360 666 354 665 354 569 354 568 354 567 354 540 361 534 362 532 361 521 354 520 354 519 354 494 354 493 354 457 361 448 364 369 364 365 362 357 358 356 358 355 358 314 362 304 363 302 362 286 355 285 355 284 355 249 362 249 389"/></Shape>
	    <String CONTENT="totum primum caput Epiſtolæ huius impleuerit, exordi¬"
                    HPOS="248"
                    VPOS="354"
                    WIDTH="834"
                    HEIGHT="54"
                    WC="0.9910925874170268"></String>
          </TextLine>
          <TextLine ID="eSc_line_9b311ea7"
                    TAGREFS="LT767"
                    BASELINE="250 439 1081 442" 
                    HPOS="249"
                    VPOS="401"
                    WIDTH="832"
                    HEIGHT="57">
            <Shape><Polygon POINTS="250 439 249 448 283 456 284 457 373 457 373 456 374 456 375 456 382 450 395 456 396 456 397 456 398 456 399 456 406 451 438 456 439 456 475 450 476 450 480 450 606 457 607 457 608 457 634 451 643 456 644 456 645 456 646 456 675 451 677 451 688 457 689 457 690 457 691 457 797 452 801 452 802 452 832 458 834 458 892 452 899 452 904 452 939 458 940 458 941 458 958 453 962 452 1079 453 1081 442 1077 407 1062 414 979 414 969 407 965 404 964 404 963 404 962 404 961 404 952 407 938 414 872 414 859 408 846 403 845 403 844 403 843 403 829 408 817 413 805 408 792 402 791 402 790 402 759 408 742 412 730 408 720 405 719 405 718 405 700 409 682 412 678 409 670 402 669 402 668 402 616 402 615 402 614 402 589 409 577 412 573 409 566 403 565 403 564 403 562 403 523 407 506 401 505 401 419 401 418 401 417 401 415 401 401 410 400 410 375 401 374 401 373 401 372 401 335 410 330 411 250 411 250 439"/></Shape>
	    <String CONTENT="tur, quibus ſimul totam redemptionis noſtræ rationem et"
                    HPOS="249"
                    VPOS="401"
                    WIDTH="832"
                    HEIGHT="57"
                    WC="0.9944506406784057"></String>
          </TextLine>
          <TextLine ID="eSc_line_1eaef9f9"
                    TAGREFS="LT767"
                    BASELINE="250 488 1080 492" 
                    HPOS="249"
                    VPOS="451"
                    WIDTH="831"
                    HEIGHT="56">
            <Shape><Polygon POINTS="250 488 249 496 265 504 266 504 267 504 417 498 426 504 427 504 428 504 429 504 481 499 535 505 536 505 537 505 554 500 579 504 580 504 581 504 593 499 664 499 678 505 679 505 680 505 718 500 733 506 734 506 736 506 737 506 753 501 835 506 836 506 837 506 838 506 844 501 883 507 884 507 1079 500 1080 492 1079 463 1055 463 1053 462 1042 454 1041 454 1040 454 1039 454 1038 454 1037 454 1025 462 1023 463 976 463 973 461 960 456 959 456 958 456 933 460 922 462 919 460 913 456 912 456 911 456 910 456 887 460 873 462 870 459 861 453 860 453 859 453 857 453 856 453 838 459 830 461 807 459 758 453 757 453 756 453 755 453 749 458 744 462 682 462 671 457 658 452 657 452 656 452 598 456 528 460 480 454 456 451 455 451 454 451 448 453 434 459 421 453 420 453 419 453 418 453 417 453 410 457 366 452 352 451 351 451 350 451 348 452 335 457 250 451 250 488"/></Shape>
	    <String CONTENT="hiſtoriam explicat, omnia docens, diuine bonitati &amp; ele¬"
                    HPOS="249"
                    VPOS="451"
                    WIDTH="831"
                    HEIGHT="56"
                    WC="0.9776995362980025"></String>
          </TextLine>
          <TextLine ID="eSc_line_356b4f38"
                    TAGREFS="LT767"
                    BASELINE="250 536 1081 541" 
                    HPOS="249"
                    VPOS="500"
                    WIDTH="832"
                    HEIGHT="57">
            <Shape><Polygon POINTS="250 536 249 547 383 552 384 552 385 552 400 548 404 547 408 548 422 553 423 553 424 553 616 549 624 549 635 554 636 554 638 554 716 549 723 549 728 549 780 555 781 556 884 556 884 555 885 555 898 550 914 556 915 556 916 557 1001 557 1001 556 1002 556 1003 556 1011 551 1062 556 1063 556 1064 556 1080 550 1081 541 1080 513 1021 513 1020 512 999 504 998 504 997 504 996 504 972 512 970 512 870 512 870 511 862 505 861 505 860 505 859 505 857 505 856 505 847 511 846 512 810 512 808 511 799 504 798 504 797 504 747 502 746 502 745 502 719 510 695 504 694 504 693 504 663 509 652 502 651 502 650 502 649 502 504 509 497 509 496 509 483 501 482 501 481 501 480 501 479 501 459 509 458 510 427 510 425 509 405 500 404 500 403 500 250 507 250 536"/></Shape>
	    <String CONTENT="ctioni tribuenda- Ac ita beneuolentiam &amp; attentionem"
                    HPOS="249"
                    VPOS="500"
                    WIDTH="832"
                    HEIGHT="57"
                    WC="0.9877617359161377"></String>
          </TextLine>
          <TextLine ID="eSc_line_f8ffcf47"
                    TAGREFS="LT767"
                    BASELINE="250 587 1080 591" 
                    HPOS="249"
                    VPOS="549"
                    WIDTH="831"
                    HEIGHT="60">
            <Shape><Polygon POINTS="250 587 249 596 277 605 278 605 279 605 310 599 348 605 349 605 350 605 369 598 425 598 434 605 435 605 436 605 460 606 461 606 503 599 535 599 544 605 545 605 546 605 547 605 548 605 560 600 568 606 569 606 570 606 571 606 572 606 596 599 653 599 709 606 710 606 759 600 776 607 777 607 778 607 837 601 924 608 925 609 1023 609 1023 608 1024 608 1040 601 1079 601 1080 591 1079 562 1035 562 1034 561 1021 552 1020 552 1019 552 1018 552 968 559 958 552 957 552 955 552 954 552 953 552 927 559 901 553 900 553 899 553 898 553 897 553 888 560 886 561 854 561 853 560 842 551 841 551 840 551 839 551 793 553 792 553 791 553 781 559 778 561 740 561 737 559 731 554 730 554 729 554 728 554 727 554 726 554 719 558 716 560 708 558 679 552 678 552 641 558 630 559 612 558 564 553 562 553 561 553 560 553 554 557 550 559 544 557 523 550 522 550 472 550 471 550 470 550 469 550 460 556 456 559 411 559 406 556 391 549 390 549 350 549 349 549 348 549 335 555 330 558 325 555 312 549 311 549 310 549 250 554 250 587"/></Shape>
	    <String CONTENT="Epheſiorum, ſibi cum enarraturo mysteria regni Chri¬"
                    HPOS="249"
                    VPOS="549"
                    WIDTH="831"
                    HEIGHT="60"
                    WC="0.9903617879519095"></String>
          </TextLine>
          <TextLine ID="eSc_line_e2384d8a"
                    TAGREFS="LT767"
                    BASELINE="250 637 1081 642" 
                    HPOS="250"
                    VPOS="599"
                    WIDTH="831"
                    HEIGHT="59">
            <Shape><Polygon POINTS="250 637 250 654 397 648 449 649 458 654 463 656 464 656 466 656 467 656 472 654 481 649 537 653 551 654 552 654 553 654 556 653 573 649 580 653 584 656 585 656 586 656 587 656 616 653 634 651 638 653 642 656 643 656 644 656 702 657 703 657 724 653 736 650 746 652 764 657 765 657 766 657 767 657 777 652 782 650 788 652 795 655 796 655 797 655 818 652 834 650 840 652 849 656 850 656 851 656 852 656 853 656 859 652 862 651 873 652 934 658 935 658 936 658 957 652 957 651 1040 651 1042 651 1063 658 1064 658 1065 658 1066 658 1080 651 1081 642 1079 607 953 610 937 607 916 602 915 602 914 602 897 607 885 610 878 607 869 601 868 601 867 601 866 601 841 607 829 610 758 610 751 607 733 601 732 601 731 601 689 607 678 608 676 607 665 600 664 600 663 600 595 600 594 600 593 600 592 600 582 607 580 609 559 609 552 607 519 600 518 600 517 600 516 600 506 607 504 609 472 609 470 607 458 599 457 599 456 599 428 599 427 599 426 599 405 607 404 608 332 608 332 607 317 601 316 601 315 601 314 601 295 607 293 607 263 599 262 599 261 599 260 599 259 599 250 605 250 637"/></Shape>
	    <String CONTENT="ſti, tum monituro illos officij, ut dignam Chriſtiano nomi"
                    HPOS="250"
                    VPOS="599"
                    WIDTH="831"
                    HEIGHT="59"
                    WC="0.9932295731429396"></String>
          </TextLine>
          <TextLine ID="eSc_line_9169f884"
                    TAGREFS="LT767"
                    BASELINE="252 687 1076 690" 
                    HPOS="251"
                    VPOS="652"
                    WIDTH="825"
                    HEIGHT="54">
            <Shape><Polygon POINTS="251 697 328 703 329 703 397 698 410 697 431 698 519 702 520 702 671 698 687 698 695 698 802 705 803 706 970 706 970 705 971 705 989 699 1013 705 1014 705 1015 705 1075 698 1076 690 1076 662 1053 654 1052 654 1051 654 1050 654 1028 661 914 654 913 654 912 654 890 661 889 661 865 654 864 654 863 654 862 654 849 661 847 662 802 662 800 661 780 654 779 654 778 654 729 660 712 653 710 653 709 653 708 653 698 658 632 653 631 653 630 653 611 659 583 653 582 653 581 653 580 653 571 659 554 653 553 653 552 653 551 653 538 659 517 652 516 652 515 652 474 659 473 659 421 652 420 652 371 659 368 659 366 659 347 652 346 652 345 652 252 658 252 687"/></Shape>
	    <String CONTENT="ne uitam uiuerent, non tam dextre quã potenter parauit."
                    HPOS="251"
                    VPOS="652"
                    WIDTH="825"
                    HEIGHT="54"
                    WC="0.9903823722686086"></String>
          </TextLine>
          <TextLine ID="eSc_line_dc3c0b24"
                    TAGREFS="LT767"
                    BASELINE="301 737 1081 741" 
                    HPOS="300"
                    VPOS="699"
                    WIDTH="781"
                    HEIGHT="57">
            <Shape><Polygon POINTS="301 737 300 746 409 752 410 752 491 747 496 747 497 747 513 754 515 754 516 754 551 747 554 747 560 747 622 752 623 752 670 748 681 755 682 755 683 755 684 755 685 755 702 748 743 755 744 755 745 755 773 748 780 754 781 754 782 754 821 756 822 756 1015 751 1060 755 1061 755 1062 755 1080 748 1081 741 1079 706 1031 712 1021 706 1014 700 1013 700 1012 700 967 700 966 700 965 700 948 706 928 713 831 713 822 706 821 706 820 706 819 706 818 706 803 710 796 706 787 699 786 699 785 699 783 699 782 699 766 706 755 710 748 706 738 699 737 699 736 699 652 699 651 699 650 699 624 706 623 706 622 706 616 700 615 700 614 700 571 699 570 699 569 699 568 699 557 706 552 709 546 706 538 702 537 702 536 702 535 702 525 706 512 710 468 709 463 706 457 701 456 701 455 701 454 701 453 701 437 706 422 710 406 706 394 702 393 702 391 702 390 702 381 706 371 710 361 706 349 700 348 700 347 700 346 700 345 700 336 706 331 701 330 701 329 701 328 701 301 705 301 737"/></Shape>
	    <String CONTENT="Pro eo autem quod Paul· habet ευλογχτος ὸ δεὸσ"
                    HPOS="300"
                    VPOS="699"
                    WIDTH="781"
                    HEIGHT="57"></String>
          </TextLine>
          <TextLine ID="eSc_line_dd961fa4"
                    TAGREFS="LT767"
                    BASELINE="263 788 1077 794" 
                    HPOS="261"
                    VPOS="750"
                    WIDTH="815"
                    HEIGHT="61">
            <Shape><Polygon POINTS="262 787 261 801 378 806 434 798 510 806 522 798 544 808 610 800 643 808 672 800 710 808 719 800 733 808 774 801 869 809 905 801 940 809 959 801 969 811 1026 811 1074 800 1076 792 1074 751 262 750 262 787"/></Shape>
	    <String CONTENT="referens illud, in scriptura frequens ברוך יחוח, po¬"
                    HPOS="261"
                    VPOS="750"
                    WIDTH="815"
                    HEIGHT="61"></String>
          </TextLine>
          <TextLine ID="eSc_line_1f02d0b8"
                    TAGREFS="LT767"
                    BASELINE="255 837 1083 835" 
                    HPOS="254"
                    VPOS="797"
                    WIDTH="829"
                    HEIGHT="56">
            <Shape><Polygon POINTS="255 837 255 853 307 847 330 852 331 852 332 852 333 852 352 847 384 852 385 852 434 847 470 852 471 852 533 847 658 852 659 852 660 852 661 852 671 846 1081 851 1083 835 1080 797 1036 798 1035 798 1034 798 1023 804 997 799 996 799 995 799 978 807 862 807 849 800 845 798 844 798 843 798 831 800 819 803 813 801 806 798 805 798 804 798 785 801 753 806 744 802 736 798 734 798 733 798 714 802 696 806 689 802 678 797 677 797 676 797 675 797 674 797 667 803 660 807 619 804 564 799 562 799 561 799 546 805 543 806 540 805 526 798 525 798 524 798 478 806 469 807 466 806 448 798 447 798 446 798 407 805 398 798 397 798 396 798 395 798 394 798 373 805 350 798 349 798 348 798 307 805 273 798 272 798 271 798 270 798 254 806 255 837"/></Shape>
	    <String CONTENT="ſui: Gratia ſit &amp; laus Deo, id enim mihi hoc: Benedictus"
                    HPOS="254"
                    VPOS="797"
                    WIDTH="829"
                    HEIGHT="56"
                    WC="0.9923157553587642"></String>
          </TextLine>
          <TextLine ID="eSc_line_39aa7178"
                    TAGREFS="LT767"
                    BASELINE="253 889 1085 886" 
                    HPOS="252"
                    VPOS="846"
                    WIDTH="833"
                    HEIGHT="58">
            <Shape><Polygon POINTS="253 889 253 902 695 897 709 903 710 903 712 904 762 904 762 903 763 903 764 903 770 898 825 903 828 903 829 903 832 903 915 897 993 903 994 903 995 903 996 903 1011 897 1083 903 1085 886 1083 856 1042 848 1041 848 1040 848 1025 856 955 856 933 847 932 847 930 847 929 847 928 847 916 856 872 856 860 846 859 846 857 846 829 846 828 846 827 846 826 846 816 854 793 847 792 847 716 846 715 846 714 846 694 855 666 847 665 847 664 847 663 847 642 856 640 856 631 856 551 847 550 847 549 847 531 856 529 857 493 857 491 856 478 847 477 847 476 847 475 847 474 847 461 852 433 847 432 847 431 847 430 847 418 856 417 856 414 856 385 847 384 847 383 847 382 847 348 855 311 847 310 847 309 847 291 856 252 856 253 889"/></Shape>
	    <String CONTENT="Deus, ſignificare uidetur· Dei ſiquidem benedicere erga"
                    HPOS="252"
                    VPOS="846"
                    WIDTH="833"
                    HEIGHT="58"></String>
          </TextLine>
          <TextLine ID="eSc_line_967795f9"
                    TAGREFS="LT767"
                    BASELINE="254 941 431 936 1085 936" 
                    HPOS="253"
                    VPOS="896"
                    WIDTH="832"
                    HEIGHT="56">
            <Shape><Polygon POINTS="254 941 254 951 349 952 350 952 361 951 390 946 429 950 442 951 443 951 463 950 500 947 504 949 507 952 508 952 509 952 510 952 550 949 591 946 679 946 683 948 691 952 692 952 693 952 694 952 803 947 828 946 831 947 846 952 847 952 848 952 849 952 861 947 1039 951 1040 951 1084 944 1085 936 1084 896 1060 896 1059 896 1058 896 1057 896 1041 906 970 906 957 897 954 896 953 896 952 896 951 896 922 897 921 897 918 898 898 906 888 899 887 899 886 899 885 899 884 899 883 899 876 903 860 899 852 897 851 897 815 897 814 897 813 897 807 899 799 904 778 900 762 897 761 897 759 897 758 897 754 900 744 907 709 907 695 901 683 897 682 897 681 897 680 897 679 897 673 901 667 906 647 902 641 901 640 901 628 902 595 906 586 903 572 897 571 897 531 897 530 897 529 897 505 904 498 906 493 904 478 897 477 897 476 897 428 902 412 897 411 897 410 897 409 897 387 906 385 906 382 906 344 897 342 897 341 897 321 907 253 907 254 941"/></Shape>
	    <String CONTENT="nos, eſt nobis benefacere. At dum illi nos benedicimus, eũ"
                    HPOS="253"
                    VPOS="896"
                    WIDTH="832"
                    HEIGHT="56"
                    WC="0.9905782695543968"></String>
          </TextLine>
          <TextLine ID="eSc_line_110894ae"
                    TAGREFS="LT767"
                    BASELINE="254 990 487 985 1081 986" 
                    HPOS="253"
                    VPOS="948"
                    WIDTH="828"
                    HEIGHT="55">
            <Shape><Polygon POINTS="254 990 254 1001 425 997 447 1002 452 1003 453 1003 454 1003 455 1003 456 1003 457 1002 462 998 468 1002 469 1002 470 1002 471 1002 475 1002 526 997 565 1002 573 1003 574 1003 575 1003 577 1002 589 997 605 1002 606 1002 607 1002 609 1002 673 997 697 1003 700 1003 701 1003 702 1003 703 1003 704 1003 717 997 740 1003 742 1003 743 1003 744 1003 747 1003 773 997 797 1003 799 1003 800 1003 801 1003 805 1003 847 997 874 1003 876 1003 877 1003 891 1003 1046 998 1079 1003 1081 986 1077 948 1046 957 846 957 826 950 818 948 817 948 816 948 800 951 771 956 762 951 757 948 756 948 755 948 694 948 693 948 692 948 691 948 685 952 679 957 653 957 647 952 642 948 641 948 640 948 571 948 570 948 569 948 568 948 560 953 555 957 481 957 477 954 469 948 468 948 467 948 466 948 440 953 400 948 399 948 398 948 378 955 374 956 342 956 341 955 328 948 327 948 326 948 325 948 308 953 263 948 262 948 261 948 260 948 253 953 254 990"/></Shape>
	    <String CONTENT="laudamus et pro acceptis beneficijs agimus gratias. Eraſ"
                    HPOS="253"
                    VPOS="948"
                    WIDTH="828"
                    HEIGHT="55"
                    WC="0.9941673470394952"></String>
          </TextLine>
          <TextLine ID="eSc_line_472399a6"
                    TAGREFS="LT767"
                    BASELINE="253 1040 1084 1035" 
                    HPOS="252"
                    VPOS="995"
                    WIDTH="832"
                    HEIGHT="60">
            <Shape><Polygon POINTS="253 1040 253 1047 319 1053 320 1053 390 1048 427 1055 428 1055 429 1055 459 1047 460 1047 515 1047 562 1047 615 1054 616 1054 617 1054 635 1047 673 1053 674 1053 705 1046 706 1046 710 1046 867 1053 868 1053 869 1053 884 1046 896 1052 897 1052 898 1053 1015 1053 1015 1052 1016 1052 1017 1052 1025 1046 1050 1052 1051 1052 1052 1052 1053 1052 1084 1044 1084 1035 1082 1005 1056 1005 1042 995 1041 995 1040 995 1039 995 1038 995 1014 1004 996 995 995 995 929 995 928 995 877 1005 873 1006 830 1006 829 1005 812 996 811 996 810 996 808 996 807 996 795 1004 772 1005 763 1005 762 1005 745 996 744 996 743 996 742 996 741 996 729 1005 728 1006 704 1006 703 1005 680 996 679 996 678 996 677 996 657 1005 647 997 646 997 645 997 644 997 583 1005 574 1006 572 1005 555 997 554 997 553 997 503 1002 481 997 480 997 479 997 418 999 417 999 415 999 406 1005 404 1007 391 1005 368 1002 366 1002 337 1005 324 1007 321 1005 311 998 310 998 309 998 308 998 252 1005 253 1040"/></Shape>
	    <String CONTENT="mus non inſcite reddere ſolet hoc ἐυλόγητος ό θεὸς lau"
                    HPOS="252"
                    VPOS="995"
                    WIDTH="832"
                    HEIGHT="60"></String>
          </TextLine>
          <TextLine ID="eSc_line_e7296833"
                    TAGREFS="LT767"
                    BASELINE="252 1089 1083 1083" 
                    HPOS="251"
                    VPOS="1042"
                    WIDTH="832"
                    HEIGHT="63">
            <Shape><Polygon POINTS="252 1089 252 1098 280 1105 281 1105 315 1099 395 1105 396 1105 439 1098 456 1104 457 1104 458 1105 497 1105 497 1104 498 1104 499 1104 507 1098 545 1104 546 1104 547 1104 548 1104 557 1098 640 1103 641 1103 678 1097 704 1103 705 1103 706 1103 748 1096 750 1096 754 1096 825 1102 826 1102 827 1102 851 1096 964 1101 965 1101 993 1095 1008 1101 1009 1101 1010 1102 1061 1102 1061 1101 1062 1101 1083 1094 1083 1083 1080 1042 1028 1051 957 1044 955 1044 904 1052 889 1046 888 1046 887 1046 886 1046 885 1046 875 1053 799 1053 770 1045 766 1044 765 1044 764 1044 763 1044 757 1045 726 1053 675 1053 655 1046 651 1045 650 1045 649 1045 641 1046 608 1053 593 1047 587 1045 586 1045 585 1045 584 1045 577 1047 567 1050 549 1047 538 1046 537 1046 536 1046 535 1046 533 1047 523 1054 415 1054 404 1049 399 1047 398 1047 397 1047 396 1047 388 1049 371 1055 356 1049 350 1047 349 1047 348 1047 328 1050 293 1055 283 1050 277 1047 276 1047 275 1047 251 1050 252 1089"/></Shape>
	    <String CONTENT="dandus Deus, quaſi dixiſſet Paul·Vere nobis laudandus"
                    HPOS="251"
                    VPOS="1042"
                    WIDTH="832"
                    HEIGHT="63"
                    WC="0.9758121641177051"></String>
          </TextLine>
          <TextLine ID="eSc_line_c6e3c2e2"
                    TAGREFS="LT767"
                    BASELINE="255 1141 513 1134 763 1136" 
                    HPOS="254"
                    VPOS="1095"
                    WIDTH="509"
                    HEIGHT="59">
            <Shape><Polygon POINTS="255 1141 255 1145 276 1154 277 1154 278 1154 279 1154 304 1146 355 1153 356 1153 357 1153 380 1145 424 1150 425 1150 426 1150 434 1146 450 1153 451 1153 452 1153 495 1144 649 1151 650 1151 763 1140 763 1136 762 1103 703 1097 702 1097 701 1097 685 1103 678 1097 678 1096 677 1096 676 1096 675 1096 674 1096 652 1101 645 1095 644 1095 643 1095 642 1095 641 1095 622 1104 615 1097 615 1096 614 1096 612 1096 611 1096 581 1100 564 1095 562 1095 561 1095 560 1095 559 1095 544 1105 499 1096 498 1096 497 1096 478 1105 453 1096 452 1096 451 1096 450 1096 423 1104 411 1097 410 1097 409 1097 368 1097 366 1097 365 1097 364 1097 364 1098 359 1102 344 1098 342 1098 341 1098 340 1098 339 1098 339 1099 330 1108 317 1108 281 1098 280 1098 279 1098 278 1098 254 1107 255 1141"/></Shape>
	    <String CONTENT="&amp; celebrandus Deus eſt, qui &amp;c¬"
                    HPOS="254"
                    VPOS="1095"
                    WIDTH="509"
                    HEIGHT="59"
                    WC="0.9991487091587435"></String>
          </TextLine>
          <TextLine ID="eSc_line_ae14e763"
                    TAGREFS="LT767"
                    BASELINE="300 1188 1087 1182" 
                    HPOS="299"
                    VPOS="1141"
                    WIDTH="788"
                    HEIGHT="61">
            <Shape><Polygon POINTS="300 1188 300 1195 329 1202 330 1202 372 1196 442 1200 443 1200 444 1200 457 1195 458 1195 634 1200 635 1200 636 1200 659 1194 762 1200 763 1200 811 1193 812 1193 813 1193 873 1199 874 1199 955 1192 960 1192 961 1192 978 1198 979 1198 981 1198 982 1198 1004 1192 1006 1192 1007 1192 1066 1198 1067 1198 1068 1198 1087 1191 1087 1182 1084 1141 1034 1146 994 1142 993 1142 992 1142 991 1142 979 1151 934 1142 929 1142 906 1142 905 1142 904 1142 903 1142 903 1143 885 1153 799 1153 790 1145 789 1145 788 1145 787 1145 786 1145 762 1154 687 1154 676 1147 675 1147 674 1147 673 1147 672 1147 671 1147 664 1153 606 1153 573 1146 569 1146 568 1146 567 1146 566 1146 553 1155 496 1155 479 1147 470 1144 469 1144 468 1144 439 1148 398 1154 378 1149 365 1145 364 1145 363 1145 299 1149 300 1188"/></Shape>
	    <String CONTENT="Monemur autem hic, ut in gratiarum actionem erga"
                    HPOS="299"
                    VPOS="1141"
                    WIDTH="788"
                    HEIGHT="61"></String>
          </TextLine>
          <TextLine ID="eSc_line_81b4ac23"
                    TAGREFS="LT767"
                    BASELINE="253 1238 1086 1231" 
                    HPOS="252"
                    VPOS="1196"
                    WIDTH="834"
                    HEIGHT="56">
            <Shape><Polygon POINTS="253 1238 253 1246 300 1252 301 1252 380 1246 391 1245 397 1245 435 1252 436 1252 506 1245 507 1245 508 1245 590 1251 591 1251 592 1251 620 1244 621 1244 627 1244 806 1250 807 1250 841 1244 927 1249 928 1249 990 1243 1023 1248 1024 1248 1085 1240 1086 1231 1084 1202 863 1196 862 1196 861 1196 844 1201 836 1203 827 1201 807 1196 806 1196 805 1196 771 1201 755 1203 751 1201 748 1198 747 1198 746 1198 669 1197 668 1197 667 1197 666 1197 661 1200 659 1202 617 1200 557 1198 556 1198 555 1198 547 1200 527 1207 462 1207 452 1200 451 1200 450 1200 449 1200 447 1200 411 1206 401 1200 400 1199 399 1199 398 1199 397 1199 396 1199 395 1199 394 1200 381 1208 296 1208 287 1201 286 1201 285 1201 252 1200 253 1238"/></Shape>
	    <String CONTENT="Deum erumpamus, quoties de beneficijs eius ſermo inci¬"
                    HPOS="252"
                    VPOS="1196"
                    WIDTH="834"
                    HEIGHT="56"
                    WC="0.9959295899779709"></String>
          </TextLine>
          <TextLine ID="eSc_line_2cdf6b76"
                    TAGREFS="LT767"
                    BASELINE="252 1288 1086 1281" 
                    HPOS="251"
                    VPOS="1244"
                    WIDTH="835"
                    HEIGHT="60">
            <Shape><Polygon POINTS="252 1288 252 1297 310 1297 312 1297 345 1304 346 1304 347 1304 362 1297 363 1296 395 1296 396 1296 405 1303 406 1303 407 1303 408 1303 473 1297 528 1303 529 1303 530 1303 546 1295 547 1295 559 1295 657 1300 658 1300 703 1295 754 1301 755 1301 812 1293 818 1293 823 1293 878 1300 879 1300 955 1299 957 1299 983 1292 985 1292 989 1292 1058 1299 1059 1299 1060 1299 1086 1291 1086 1281 1084 1248 984 1244 983 1244 952 1249 944 1250 942 1249 937 1245 936 1245 935 1245 888 1245 887 1245 886 1245 885 1245 878 1250 875 1252 778 1252 771 1251 753 1246 752 1246 751 1246 750 1246 749 1246 743 1251 740 1253 699 1253 696 1251 680 1246 679 1246 678 1246 677 1246 676 1246 669 1252 668 1252 659 1248 658 1248 657 1248 629 1252 621 1253 619 1252 611 1247 610 1247 609 1247 577 1247 576 1247 575 1247 560 1253 558 1253 549 1253 478 1248 477 1248 476 1248 463 1254 462 1255 386 1255 383 1254 368 1249 366 1249 365 1249 364 1249 348 1254 312 1249 311 1249 310 1249 298 1255 272 1249 271 1249 270 1249 268 1249 251 1254 252 1288"/></Shape>
	    <String CONTENT="derit, aut quoties peculiaris beneficiorum ipſius obtige¬"
                    HPOS="251"
                    VPOS="1244"
                    WIDTH="835"
                    HEIGHT="60"
                    WC="0.9813513076096251"></String>
          </TextLine>
          <TextLine ID="eSc_line_f87ab585"
                    TAGREFS="LT767"
                    BASELINE="253 1337 1087 1330" 
                    HPOS="252"
                    VPOS="1293"
                    WIDTH="835"
                    HEIGHT="62">
            <Shape><Polygon POINTS="253 1337 253 1345 289 1355 290 1355 291 1355 373 1354 374 1354 390 1345 393 1345 523 1345 525 1345 542 1353 543 1353 544 1353 545 1353 566 1345 571 1344 575 1345 597 1353 598 1353 599 1353 667 1345 682 1344 689 1345 713 1352 714 1352 715 1352 782 1345 820 1342 853 1342 866 1345 885 1351 886 1351 887 1351 888 1351 909 1345 915 1344 920 1345 929 1349 930 1349 932 1349 986 1346 987 1346 988 1346 988 1345 993 1341 1004 1345 1017 1350 1018 1350 1019 1351 1042 1351 1042 1350 1043 1350 1044 1350 1050 1345 1055 1343 1086 1345 1087 1330 1084 1301 1031 1301 1028 1300 1019 1296 1018 1296 1017 1296 1016 1296 1015 1296 1009 1300 1007 1302 864 1302 860 1300 849 1293 848 1293 847 1293 846 1293 812 1300 795 1303 776 1300 754 1296 753 1296 733 1300 717 1303 704 1300 684 1294 683 1294 682 1294 655 1299 632 1304 593 1304 586 1299 581 1295 580 1295 579 1295 578 1295 502 1296 501 1296 494 1299 483 1303 457 1299 436 1296 435 1296 434 1296 433 1296 429 1299 420 1305 384 1305 374 1299 372 1297 371 1297 370 1297 369 1297 252 1298 253 1337"/></Shape>
	    <String CONTENT="rit ſenſus· Sic Chriſtus quoties panem in manus accipie¬"
                    HPOS="252"
                    VPOS="1293"
                    WIDTH="835"
                    HEIGHT="62"></String>
          </TextLine>
          <TextLine ID="eSc_line_007b3b02"
                    TAGREFS="LT767"
                    BASELINE="251 1395 1086 1380" 
                    HPOS="240"
                    VPOS="1341"
                    WIDTH="846"
                    HEIGHT="62">
            <Shape><Polygon POINTS="241 1396 336 1403 337 1403 338 1403 365 1396 370 1395 379 1396 439 1402 440 1402 442 1402 443 1402 452 1395 453 1394 481 1394 498 1395 573 1401 574 1401 575 1401 576 1401 585 1396 722 1400 723 1400 759 1393 764 1393 772 1393 842 1399 843 1399 844 1399 854 1394 943 1398 944 1398 1010 1392 1022 1391 1028 1392 1060 1397 1061 1397 1062 1397 1086 1391 1086 1380 1083 1347 1024 1348 1022 1347 1014 1341 1013 1341 1012 1341 977 1341 976 1341 975 1341 974 1341 964 1348 962 1349 953 1348 922 1343 921 1343 866 1349 862 1349 848 1342 847 1342 846 1342 845 1342 826 1349 824 1350 822 1349 799 1343 798 1343 797 1343 796 1343 778 1350 777 1350 775 1350 752 1346 751 1346 657 1351 656 1351 655 1351 646 1345 645 1345 644 1345 643 1345 642 1345 623 1351 571 1346 570 1346 569 1346 568 1346 558 1352 558 1353 556 1353 528 1353 518 1345 517 1345 516 1345 492 1345 491 1345 439 1346 438 1346 437 1346 428 1353 418 1346 417 1346 415 1346 390 1346 389 1346 388 1346 374 1354 305 1354 292 1347 291 1347 290 1347 255 1347 254 1347 253 1347 252 1347 240 1353 241 1388"/></Shape>
	    <String CONTENT="bat, gratias ſolebat agere patri, quod ipſum alicubi Euan"
                    HPOS="240"
                    VPOS="1341"
                    WIDTH="846"
                    HEIGHT="62"
                    WC="0.9975303495139406"></String>
          </TextLine>
          <TextLine ID="eSc_line_1c30ce56"
                    TAGREFS="LT767"
                    BASELINE="270 1447 1073 1437" 
                    HPOS="267"
                    VPOS="1386"
                    WIDTH="804"
                    HEIGHT="69">
            <Shape><Polygon POINTS="269 1446 269 1455 1071 1446 1071 1436 1068 1399 1001 1386 999 1386 998 1386 996 1386 980 1397 841 1391 840 1391 838 1391 802 1400 797 1402 611 1402 608 1402 599 1394 597 1394 596 1394 594 1394 592 1394 569 1402 567 1402 564 1402 539 1391 538 1391 536 1391 497 1399 444 1392 442 1392 441 1392 439 1392 423 1402 420 1402 284 1394 283 1394 281 1394 267 1400 269 1446"/></Shape>
	    <String CONTENT="gelistae benedicere uocarunt · Commemoratione siqui¬"
                    HPOS="267"
                    VPOS="1386"
                    WIDTH="804"
                    HEIGHT="69"></String>
          </TextLine>
          <TextLine ID="eSc_line_3fbd5f64"
                    TAGREFS="LT767"
                    BASELINE="257 1493 1083 1483" 
                    HPOS="255"
                    VPOS="1433"
                    WIDTH="827"
                    HEIGHT="66">
            <Shape><Polygon POINTS="1068 1438 1046 1442 966 1438 952 1444 888 1439 816 1439 808 1444 804 1439 738 1441 724 1449 600 1449 561 1442 527 1442 516 1449 503 1444 470 1444 447 1450 434 1444 411 1444 358 1452 345 1446 255 1447 256 1499 1081 1497 1082 1482 1076 1433 1068 1435 1068 1438"/></Shape>
	    <String CONTENT="dem beneificiorum Dei, amor &amp; fides in Deum, tantum"
                    HPOS="255"
                    VPOS="1433"
                    WIDTH="827"
                    HEIGHT="66"></String>
          </TextLine>
          <TextLine ID="eSc_line_c246eaed"
                    TAGREFS="LT767"
                    BASELINE="248 1539 1090 1529" 
                    HPOS="247"
                    VPOS="1492"
                    WIDTH="843"
                    HEIGHT="72">
            <Shape><Polygon POINTS="248 1539 249 1554 258 1552 263 1554 277 1561 278 1561 279 1561 280 1561 296 1556 329 1564 330 1564 331 1564 332 1564 360 1553 372 1548 454 1548 461 1551 466 1554 467 1554 468 1554 469 1554 470 1554 477 1551 482 1548 608 1547 615 1549 646 1560 647 1560 648 1560 874 1558 875 1558 906 1546 966 1556 967 1556 1022 1543 1022 1542 1089 1541 1090 1529 1088 1501 997 1496 996 1496 922 1501 908 1501 906 1501 892 1492 891 1492 890 1492 889 1492 888 1492 871 1501 868 1502 864 1501 842 1492 841 1492 840 1492 839 1492 822 1501 819 1502 811 1501 771 1493 770 1493 769 1493 768 1493 757 1501 753 1503 747 1501 727 1493 726 1493 725 1493 691 1501 673 1506 615 1506 605 1501 591 1495 590 1495 589 1495 540 1501 489 1507 411 1507 398 1501 387 1497 386 1497 341 1497 340 1497 339 1497 338 1497 333 1501 325 1506 310 1501 302 1498 301 1498 300 1498 247 1500 248 1539"/></Shape>
	    <String CONTENT="benefactorem, accenditur, quibus hic uita beata &amp; con¬"
                    HPOS="247"
                    VPOS="1492"
                    WIDTH="843"
                    HEIGHT="72"
                    WC="0.9769587428481491"></String>
          </TextLine>
        </TextBlock>
        <TextBlock HPOS="372"
                   VPOS="168"
                   WIDTH="537"
                   HEIGHT="85"
                   ID="eSc_textblock_a5812a09"
                   TAGREFS="BT18">
          <Shape><Polygon POINTS="372 168 372 253 909 253 909 168"/></Shape>
          <TextLine ID="eSc_line_0eb340ec"
                    TAGREFS="LT767"
                    BASELINE="386 225 898 229" 
                    HPOS="385"
                    VPOS="170"
                    WIDTH="513"
                    HEIGHT="69">
            <Shape><Polygon POINTS="386 225 385 235 896 239 898 229 898 192 844 185 843 185 842 185 829 190 826 191 824 189 801 174 800 174 799 174 798 174 767 175 766 175 765 175 765 176 752 187 749 191 691 191 684 185 673 176 673 175 672 175 671 175 670 175 669 175 636 183 622 171 621 171 620 171 597 171 596 171 595 171 594 171 580 180 559 171 558 171 557 171 556 171 534 181 515 189 488 186 481 179 471 170 470 170 469 170 468 170 467 170 466 170 457 178 444 170 443 170 442 170 386 176 386 225"/></Shape>
	    <String CONTENT="Gratia ſit &amp; laus Deo."
                    HPOS="385"
                    VPOS="170"
                    WIDTH="513"
                    HEIGHT="69"
                    WC="0.9998813786289908"></String>
          </TextLine>
        </TextBlock>
        <TextBlock HPOS="63"
                   VPOS="709"
                   WIDTH="171"
                   HEIGHT="111"
                   ID="eSc_textblock_98ae375d"
                   TAGREFS="BT990">
          <Shape><Polygon POINTS="63 709 63 820 234 820 234 709"/></Shape>
          <TextLine ID="eSc_line_766d8827"
                    TAGREFS="LT767"
                    BASELINE="81 750 221 746" 
                    HPOS="80"
                    VPOS="707"
                    WIDTH="141"
                    HEIGHT="54">
            <Shape><Polygon POINTS="185 707 184 707 183 707 148 720 95 710 90 717 80 733 81 750 81 760 183 761 184 761 219 754 221 746 218 718 186 707 185 707"/></Shape>
	    <String CONTENT="Benedi¬"
                    HPOS="80"
                    VPOS="707"
                    WIDTH="141"
                    HEIGHT="54"
                    WC="0.9999563438551766"></String>
          </TextLine>
          <TextLine ID="eSc_line_16321052"
                    TAGREFS="LT767"
                    BASELINE="86 797 218 794" 
                    HPOS="93"
                    VPOS="764"
                    WIDTH="124"
                    HEIGHT="56">
            <Shape><Polygon POINTS="95 817 215 820 217 792 214 764 93 764 95 795"/></Shape>
	    <String CONTENT="ctus Deus·"
                    HPOS="93"
                    VPOS="764"
                    WIDTH="124"
                    HEIGHT="56"></String>
          </TextLine>
        </TextBlock>
        <TextBlock HPOS="73"
                   VPOS="1352"
                   WIDTH="158"
                   HEIGHT="196"
                   ID="eSc_textblock_008aa46e"
                   TAGREFS="BT990">
          <Shape><Polygon POINTS="73 1352 73 1548 231 1548 231 1352"/></Shape>
          <TextLine ID="eSc_line_f0c9e4ee"
                    TAGREFS="LT767"
                    BASELINE="86 1401 208 1397" 
                    HPOS="81"
                    VPOS="1327"
                    WIDTH="125"
                    HEIGHT="80">
            <Shape><Polygon POINTS="84 1400 84 1403 204 1407 206 1396 200 1327 81 1344 84 1400"/></Shape>
	    <String CONTENT="Semper"
                    HPOS="81"
                    VPOS="1327"
                    WIDTH="125"
                    HEIGHT="80"></String>
          </TextLine>
          <TextLine ID="eSc_line_8841b1fd"
                    TAGREFS="LT767"
                    BASELINE="90 1443 208 1437" 
                    HPOS="86"
                    VPOS="1403"
                    WIDTH="120"
                    HEIGHT="52">
            <Shape><Polygon POINTS="89 1442 89 1455 206 1455 206 1436 201 1403 86 1408 89 1442"/></Shape>
	    <String CONTENT="agendæ"
                    HPOS="86"
                    VPOS="1403"
                    WIDTH="120"
                    HEIGHT="52"></String>
          </TextLine>
          <TextLine ID="eSc_line_9c2aefff"
                    TAGREFS="LT767"
                    BASELINE="86 1489 231 1489" 
                    HPOS="84"
                    VPOS="1446"
                    WIDTH="145"
                    HEIGHT="78">
            <Shape><Polygon POINTS="84 1488 84 1505 132 1507 137 1510 158 1524 159 1524 161 1524 162 1524 229 1516 229 1488 229 1453 84 1446 84 1488"/></Shape>
	    <String CONTENT="Deo gra¬"
                    HPOS="84"
                    VPOS="1446"
                    WIDTH="145"
                    HEIGHT="78"></String>
          </TextLine>
          <TextLine ID="eSc_line_cac27944"
                    TAGREFS="LT767"
                    BASELINE="81 1539 167 1539" 
                    HPOS="81"
                    VPOS="1499"
                    WIDTH="86"
                    HEIGHT="63">
            <Shape><Polygon POINTS="81 1539 81 1562 167 1548 167 1539 167 1514 140 1514 134 1510 117 1499 116 1499 115 1499 114 1499 81 1503 81 1539"/></Shape>
	    <String CONTENT="tiæ·"
                    HPOS="81"
                    VPOS="1499"
                    WIDTH="86"
                    HEIGHT="63"></String>
          </TextLine>
        </TextBlock>
        <TextBlock HPOS="998"
                   VPOS="1558"
                   WIDTH="111"
                   HEIGHT="43"
                   ID="eSc_textblock_d97183eb"
                   TAGREFS="BT17">
          <Shape><Polygon POINTS="998 1558 998 1601 1109 1601 1109 1558"/></Shape>
          <TextLine ID="eSc_line_93ac9915"
                    TAGREFS="LT767"
                    BASELINE="1022 1587 1058 1586" 
                    HPOS="1020"
                    VPOS="1537"
                    WIDTH="38"
                    HEIGHT="79">
            <Shape><Polygon POINTS="1022 1587 1022 1616 1058 1615 1058 1586 1056 1541 1034 1537 1033 1537 1032 1537 1031 1537 1020 1543 1022 1587"/></Shape>
	    <String CONTENT="ſiſstis"
                    HPOS="1020"
                    VPOS="1537"
                    WIDTH="38"
                    HEIGHT="79"></String>
          </TextLine>
        </TextBlock>
      </PrintSpace>
    </Page>
  </Layout>
</alto>
