1128 1876
261 105 377 54 EPISTOLA.

88 182 785 53 Equidẽ igitur ut huc fratribus ſcripturarũ rudiorib·

44 224 834 59 adiutor eſſem, quibus et V. Fab·Capito paratis nuper in

43 275 835 59 Hoſeam haudquaquam uulgaribus cõmentarijs, & M¬

47 323 829 59 Cellarius opere, de Operibus Dei in quo diuina bonitas

42 374 833 59 magnifice prædicatur, plurimũ conſuluerunt, Epiſtolam

884 364 133 57 Epiſtola

48 417 991 65 illus ad Epheſios, hiſce diebus enarrandam mihi deſum- ad Epheſ¬

44 467 1002 63 pſi* Viſumenim mihi est, doctrinam Chriſti, breui-iotius ſcri

44 519 1001 64 ter iuxta & luculenter, atq; copioſe adeo cõplexa eſſe, ut pturæ cõ¬

43 569 994 63 his nominibus, nullã aliã ei præferendã exiſtimẽ, totiusq́; pendium.

50 624 752 57 ſacræ ſcientiæ, cõpendium recte habendũ cenſeam.

86 680 786 54 Docet quidem fuſius etſcripturis cõmunitius, ea quæ

877 656 161 61 Quæ Epi

42 720 830 63 Romams ſcripta extat, omnem carnem peccato obnoxiã,

877 706 150 67 ſtola ad

42 767 830 67 à lege non eſſe niſi peccati cognitionẽ, non iuſtitiam, à gra

877 769 168 59 Rom- con

42 816 830 67 tia Dei, & merito Chriſti hanc prouenire, omnia ab ele¬

877 812 114 66 tincat.

44 874 829 55 ctione libera Dei pendere, abnegatione noſtri, et dilcctio

44 923 825 58 ne proximi Deo gratificandum, magiſtratui parendum,

44 972 828 57 offendicula fratrũ cauenda, eandem eſſe Gentium & Iu¬

44 1020 826 60 dæorum redemptionem, ſedhæc nostra, de his omnibus,

45 1072 830 55 & breuius, & ut uidetur luce maiore dißerit, tum maie¬

44 1121 829 56 statem Chriſti Paulo magnificentius prædicat, & de ui¬

44 1170 830 65 tæ Christianæ officijs diſputat distinctius, & admodum

45 1220 165 57 locuplete.

92 1271 781 57 Hanc ergo quam uel ſolam, ſi recte intelligatur, ſatis

47 1330 826 48 eſſe puto, & ad gratiam Christi cõmendandam, & uitã

46 1369 994 60 quam pientißime instituendam, tum errores quoſq; con- Præstite¬

45 1421 999 58 uincendos, uerti primum, paulo liberius, ne idiotiſmi par rat ſacra li£

43 1472 1001 57 tim Ebræi, partim peculiariter Paulini, rudioribus ne- berius uer

45 1522 916 70 bulam aliquam offunderent. Optarim enimut dum extat tere¬

555 1578 96 55 A 5

739 1575 128 67 utrunq
