1128 1876
90 120 708 62 M. BVCERI COMMENTARIVS

34 184 839 70 stabilius, hominibus ſanctis cõtingere poſſet, ut eius Pau

36 240 835 66 lus & ſui non fuiſſent expertes, ita pro eo etiam gratias

37 291 835 63 egißet. Charum igitur in primis uerbũ Dei· Chara Euan

38 342 828 64 gelij tractatio, quibus cognitio Dei in nobis & gigni &

36 391 836 64 ali ſolet, eße nobis debebit, quotquot de Deo gloriamur·

45 459 828 78 Quemadmodum per illum nos ante

176 529 570 62 conditum mundum &c.

90 594 781 62 Vt mox omnia diuinæ bonitati, & nihil noſtro merito

41 649 830 59 tribuendum doccat, commemorat hanc ſpiritalem bene¬

42 699 832 58 dictionem, & cælestes opes cognitionis Dei & uitæ diui

42 750 833 59 nioris inde nobis prouenire, quod ante conditum mundũ

43 798 836 62 nos Deus per Chriſtum in hoc elegerit, ut ſimus ſancti, et

46 848 834 63 ipſius quoque iuditio inculpati &c. Solida nanq ſancti¬

45 901 838 60 tas, ut ſupra in ſectiunculam primam diximus, fide con¬

48 951 830 59 ſtat, & uita, etiamiudice D E O, crimine uacans,

46 999 835 61 dum per dilectionem nimirum omnium commodis in

50 1049 831 65 ſeruit, qua ſemel uniuerſa legis præcepta perficiun¬

47 1099 834 62 tur, bona illa ſpiritualia & cæleſtia ſunt, quibus ſuos De¬

48 1148 836 64 us ex benignitate ſua afficit, illis benedicens.Cum hæc igi

48 1199 837 63 tur inde filijs Dei contingunt, ut dißerte hic Paulus do¬

48 1252 837 60 cet, quod in hoc ipſum nos Deus, priuſquam mundi iace¬

48 1301 828 64 rentur fundamenta, elegerit, antequam omnino eſſemus,

47 1349 833 64 nihil profecto ſanctitatis, uitæq́; probatæ Deo, humanis

46 1397 837 68 uiribus poteſt tribui, ſed liberæ ac benignæ Dei electiont

50 1454 463 54 accepta omnia referri oportet·

100 1499 783 67 Non tamen id ſine mediatore. Vt enim ſanguine ſuo

813 140 49 45 25

881 589 163 60 Elegit nos

883 646 161 50 ante condi

888 696 154 55 tum mun¬

890 742 84 68 dum·

611 1553 65 62 D

730 1553 154 74 Chriſtus,
