1128 1876
298 141 714 62 IN EPISTOLAM AD EPHESIOS

233 202 837 63 dũ diuitas gratiæ Dei, hoc est, ex ampliſſima eius bencuo

235 256 835 59 lentia, ut equidem uerti. Quam abundare in nos fecit, atq

233 305 841 60 ubertim nobis impertiuit, donatis omni ſapientia & intel

235 353 838 62 ligentia· His enim fauor beneuolentiaq́ Det, nobis ſangui

235 403 838 62 ne Chriſti parta, percipitur, dum donati eius ſpiritu, iam

232 453 840 62 cognoſcimus, admirabile & ſaluificum eius ſuper nos con

231 504 841 62 ſilium, quæ ſuprema noſtra ſapientia eſt, arbor uitæ, quæ

232 553 837 62 ex ſe Det amorem, lætamq́; in omnibus fiduciam gignit,

221 601 853 66 (tum & prudentiam, per quam in rebus, ad uitam iſtam

233 653 841 60 attinentibus recto iudicio præditi, probamus quibus Dei

238 704 831 62 gloria, & proximorum ſalus promouetur, et reſpuimus,

238 752 835 63 quibus illa remoratur, ſcientes huc omnia commodum

236 803 838 63 attẽperare. Hæc nostra est, ꝙρόνησις intelligẽtia et pru

238 851 834 63 dentia, qua frugi hominibus, et deogratã uitam uiuimus.

287 899 788 64 Vt uero explicaret Apoſtolus cuiuſmodi ſit hæc ſapi¬

234 952 841 61 entia ſanctorum, ex qua & prudentia uera, ut dixi, gigni

233 999 842 65 tur, ſubiecit. Postquam ex ſingulari dignatione ſua (ſic

234 1053 840 61 uolui hoc, κατα τήμἐυδοκίαμ ἀυτοῦ, exprimere) no¬

236 1099 837 59 tam fecit nobis arcanamuoluntatẽ ſuã, quod perinde est,

236 1148 840 66 atq, myſterion uoluntatis ſuæ·Arcana namq hæc uolun¬

235 1198 844 59 tas, ſiue myſteriũ uoluntatis eius est, quod ita nos in Chri

236 1248 841 65 ſto & per Chriſtum, ante iacta mundi fundamenta clegit

236 1296 844 69 atq; prædeſtinauit, ut filij ipſi eſſemus, alij & aoui facti

239 1349 834 65 per ſpiritum fanctum, olim per omnia beati futuri, idq́

237 1396 843 67 nullo nostro, ſed ſolo merito ſanguinis Christi. Iſthuc qui

239 1450 842 63 per ſpiritum ſanctum doctus pernouerit, is uere Deum

240 1499 839 64 cognoſcit, eiusq́ erga ſe bonitatem certo agnoſcit, nec po

240 1548 842 78 teſt non amare illum, amplecti́ ut patrem, eiq ſeſe dede

66 897 150 63 Sapientia

67 950 130 56 & pru¬

64 997 115 63 dentia·
