1128 1876
843 123 42 47 26

44 181 823 62 irritũ· Quibus datur credere, ijſdem iam datum eſt, eſſe

45 234 839 58 filijs Dei·Iohan.1.idq́; quod in hanc ſortẽ delecti ſint antẽ

46 286 840 55 conditũ orbem, ut hic docemur. Quæ iam peccata, æter¬

46 336 833 55 nam Dei electionem, & prædefinitionem eluderent, &

47 382 840 59 ex filijs Dei, redderent filios Satanæ? Proinde ſimulacrũ

50 433 835 59 fidei, non fides fuerit, ubi de æterna erga nos Dei benigni

46 480 839 59 tate dubitatur. Aliud est, eße filiũ & hæredem Dei, quã

47 532 834 63 modo credere, & postea Deum negare. Sed de his plura

50 582 235 58 in ſequentibus·

94 626 791 66 Alterum hic perpendendũ, quod uocatio & ſors filio

50 682 837 57 rum Dei eſt, ut ſancti & inculpati uiuant coram Deo, qđ

50 732 834 61 uerti, ipſius quoq; iudicio, ut plane hoc ſignificat· Sancti,

50 781 837 60 hoc eſt, diuini ſumus, ut dictum est per fidem, qua naturæ

51 831 836 59 Dei reddimur conſortes, addicti bonitati eius, cuius gu¬

52 881 833 59 ſtũ, ſpiritu eius pcepimus. Inculpati aũt ſumus corã Deo,

53 929 835 62 dũ totos nos, ad inſeruiendũ proximorũ ſaluti impendi¬

51 982 838 60 mus, q Lex & Prophetæ unice hoc exigant, neq; poſcat

50 1031 838 57 aliud mandatũ Christi nouum, unde addidit Paulus in dile

52 1082 837 58 ctione, nimirũ proximorũ. Hæc enim lydius lapis eſt, quo

51 1128 839 63 internoſcũtur filij lucis, à filijs tenebrarũ. Nam ut omnia

53 1179 833 60 alia hypocritæ ſimulent, ſyncerã proximorũ dilectionẽ,

55 1230 835 59 qualis ſcilicet à Paulo1·Cor·13· deſcribitur, ſimulare non

55 1280 836 61 poſſunt. Loquãtur igitur Anabaptiſtæ, cũ Papiſtis, occæ

55 1333 835 55 catis Iudeis, Machometanis, Sarcoeuangelicis, ac omne

57 1377 833 64 genus ſupſtitioſis, linguis hominũ et Angelorũ, ſciant oia

54 1429 838 61 myſteria, edãt adhuc miracula, profundant facultates unt

55 1479 837 73 uerſas, tradãt ſua corpora, ut cremẽtur, ut unouerbo di¬

558 1532 137 57 D 2

728 1529 159 63 cam, ha¬

899 995 178 65 In dilectione

111 103 657 72 M. BVCERI COMMENTARIVS·
