2220 3646
42.0 257.0 1606.0 99.0 operibus gloriari debet tan ex eis faluari poſſit: ſed in folo deorin liuoribus Chriſtir

42.0 336.0 1602.0 61.0 & ſanguine eius gloriandum eſt. Quapropter quaſi per dialogum ſubiungit Paulus.

66.0 372.0 1574.0 69.0 LVbi eſt ergo gloriatio? Excluſa eſt. Per quã legem? factorũ? Non. ſed per legem fidei.

26.0 423.0 1620.0 57.0 » Arbitramur igitur iuſtificari hominem ſine operibus legis. An iudæorum tãtum eſt de¬

28.0 467.0 1620.0 61.0 „ us? nõne autẽ & gentiũ? Immo & gentiũ. quandoquidem vnus eſt deus: qui iuſtificabit

30.0 514.0 1614.0 59.0 ,circunciſionem ex fide: et præputium per fidem. Legẽ ergo deſtruimus per fidem( Ab¬

30.0 552.0 1614.0 59.0 ,ſit. ſed legẽ ſtatuimus. ¶ Ex fide Abrahæ iuſtificata eſt circunciſiorid eſt iudęi, et per fi¬

50.0 599.0 1594.0 59.0 dem Chriſti iuſtificatum eſt preputiumſid eſt gẽtes. ſed q̃ Chriſtus maior Abraham: tã

52.0 633.0 1592.0 75.0 iuſtificatio per fidem Chriſti maior eſt iuſtificatione ex fide Abrahæſ iuſtificans non ſo

52.0 682.0 1590.0 65.0 Ium præputium! ſed et circũciſionem. Juſtificatio Chriſti: vniuerſalis. Abrahę: particu¬

50.0 729.0 1594.0 60.0 laris. illa: vera. hæc: vmbratilis. perfecta:illa. iſta: imperfectal ab illa etiam iuſtificationẽ

50.0 773.0 1594.0 61.0 recipiens. Iuſtificat enim fides Chriſti circunciſionem. non igitur perfecta erat iuſtifica¬

52.0 822.0 1590.0 57.0 tio eius ex fide Abrahe. At nunq̃ circunciſio iuſtificationi Chriſti quicq̃ addit. perfecta

50.0 864.0 1590.0 61.0 enim eſt. At qui crederet neceſſariam ad iuſtificationem Chriſti, iuſtificationem circun¬

54.0 913.0 1582.0 53.0 ciſionis quæ quidem ex fide eſt Abrahæ: illam profecto Chriſti iuſtificationem! crede¬

50.0 954.0 1586.0 62.0 ret imperfectam & indigam. quod nefas & impium eſt ſentire. At inquies cum Paulus

52.0 996.0 1584.0 59.0 dicat, arbitramur igitur iuſtificari hominem ſine operibus legis: quis vnq̃ ſine operi¬

50.0 1037.0 1582.0 62.0 bus legis aut ſcriptæ dico aut naturæ iuſtificatus eſt? Si etiam innumeros dixero:non

50.0 1081.0 1586.0 63.0 forte nentiar. Certum eſt de gentibus etiam publicanis ad baptiſmi gratiam confugiẽ

50.0 1136.0 1584.0 50.0 tibus: ſolam fidem Chriſti habentes & ſancti nominis eius confeſſionemlvbi continuo

50.0 1176.0 1586.0 55.0 ex ſancto lauacro emerſerint inſtificatas eſſe. & ſi continuo vbi emerſerũt morerentur:

52.0 1219.0 1580.0 59.0 quis dubitat ad beatorum vitam ſine etiam operibus euaſuras? Idem & de paruulis ba

52.0 1265.0 1582.0 57.0 ptizatis ſentimus. Et quis neſcit latronem ſola fide iuſtificatum! qui cum firma fide cre¬

52.0 1310.0 1578.0 57.0 deret Chriſtum regem eſſe & dixiſſet domine memento mei cum veneris in regnũ tuũ:

50.0 1349.0 1582.0 66.0 continuo audiuit. Amen dico tibi: hodie mecũ eris in paradiſo. At fortaſſe dicet quiſ¬

54.0 1403.0 1559.0 55.0 piam. Si non iuſtificamur ex operibus legis: ergo fruſtra operamur. Nequaq̃ fruſtra.

52.0 1446.0 1580.0 52.0 Nam ſi non operamur vbi adeſt operandi facultas ac oportunitas: perdimus iuſtifica¬

52.0 1486.0 1578.0 63.0 tionis gratiã. & multo magis! ſi cõtraria & vicioſa operamur. operãdũ igitur eſt quod¬

52.0 1529.0 1576.0 57.0 cun bonum poſſumus etiam inſtanter: vt iuſtificationem retineamus. & non ſolum

50.0 1575.0 1578.0 55.0 retineamus: ſed ctiam augeatur in nobis. Si ſpeculum ad ſolis iubar cõuerſum ſolarem

50.0 1616.0 1578.0 59.0 ſuſcipit effigiem: quanto magis expollitur & abſtergitur! tanto magis augetur ſuſce¬

56.0 1662.0 1572.0 57.0 pta ſolis effigies. ꝙ ſi negligitur! ſi impurum ſordidum redditur: ſolaris ille deperit

50.0 1707.0 1578.0 55.0 nitor. Sic & iuſtificatio in deſidibus | aut impuram degẽtibus vitam. Quapropter etiã

52.0 1746.0 1573.0 58.0 inquit apoſtolus: dum tempus habemusſoperemur bonum ad omnes. Ne credas ſuf¬

52.0 1796.0 1576.0 55.0 ficere vt continuo iuſtificatus ſis: ſi fidem habes. Nequaq̃ ita eſt. Nam non quiſq̃ ſic ex

52.0 1833.0 1571.0 64.0 fide iuſtificatur: vt fides ipſa iuſtificatio ſit! vt ne opera. Etenim credunt dæmones:

56.0 1883.0 1569.0 57.0 vt inquit lacobus apoſtolus. ſed ex fide iuſtificamur quemadmodum ex operibus: ex

54.0 1926.0 1571.0 54.0 his remotius! ex illa vicinius. hæc minus: illa magis neceſſaria. Nam ex operibus ſine

60.0 1966.0 1563.0 63.0 fide: nunq̃ quis iuſtificatur. At cõtra ex fide ſine operibus: iuſtificatur quis vt iam oſtẽ¬

56.0 2015.0 1565.0 55.0 ſum eſt. Ne fides! ne opera iuſtificant: ſed præparant ad iuſtificationem. quando¬

60.0 2057.0 1563.0 59.0 quidem vnus eſt deus qui iuſtificat circunciſionem ex fide: & præputium per fidem.

58.0 2104.0 1567.0 57.0 circunciſionem quidem prius (vt dictum eſt) ex fide Abrahæ: & præputium per fidem

56.0 2143.0 1569.0 60.0 Chriſti, nunc autem omnes ex fide & per fidem Chriſti. Opera igitur ſunt vt præparan¬

58.0 2183.0 1570.0 67.0 tiai & purgantia viam: fides autem vt terminus & aditus quidam diuini ingreſſus. Et

56.0 2238.0 1572.0 54.0 ideo maiores noſtri in primitiua etiam eccleſia catechizabant! id eſt inſtruebant neo¬

56.0 2278.0 1574.0 59.0 phytos in fidel quid ante regenerationis lauacrum! & quid poſt facturi eſſent, vt ipſi

56.0 2327.0 1574.0 57.0 præparatum inuenirentur ! ſuperuenientis trinitatis habitaculum: quod & amplius ab

54.0 2369.0 1578.0 55.0 ea ſanctificatum: per ſequentia bona opera in puritate & nitore conſeruarent. Nam

54.0 2408.0 1576.0 61.0 ſic & per prophetam & per præconem ſuum mandauerat: qui vult iuſtificare omne ge¬

56.0 2452.0 1574.0 59.0 nus humanum. præparate (inquit) viam domino: rectas facite ſemitas eius. Et ipſe do¬

56.0 2499.0 1574.0 57.0 minus aduentum ſuum pollicetur dicens. Si quis diligit mel ſermonem meum ſerua¬

56.0 2542.0 1572.0 60.0 bit: & pater meus diliget eum! & ad eum veniemus! & manſionem apud eum faciem9.

60.0 2586.0 1572.0 59.0 decet igitur hoſpitium tanti hoſpitisſ æterni ſcilicet domini: & bonis operibus & fide

58.0 2635.0 1574.0 52.0 eſſe præinſtructum. non igitur lex operum deſtruitur per fidem: ſed ea lex ſtatuitur! cu¬

62.0 2677.0 1566.0 55.0 ius fides ſummitas eſt! & ſupremum ad iuſtificationem locum ſibi vendicans. Quam

66 2716 1560 73 A nobis largiri dignetur author fidei Chriſtus Iheſus ſi omnia ſæcula benedictus. Amẽ.

69 2761 715 64 20 Nunc autem ad examinationem literæ.

40.0 2799.0 1592.0 75.0 ¶EXAMINATIO nõnullorum circa literam. ¶ Vulgata æditio. Primũ quidem quia

36.0 2860.0 1598.0 81.0 cedita ſunt illis eloquia dei. CHic præcipue aut præſertim dici malim i primum:ne

910.0 206.0 53.0 87.0 I

1542.0 218.0 57.0 71.0 75

1755.0 143.0 100.0 156.0 Ro

1407.0 2898.0 137.0 124.0 E.uij.
