2195 3643
1776.0 148.0 60.0 107.0 Ro.

874.0 200.0 27.0 88.0 I

1545.0 182.0 68.0 89.0 76

70.0 240.0 1586.0 87.0 quam non minus gentes q̃ ipſi iuſtificantur. Et nõ ſolã ipſis aduerſus gentes fed & ge

68.0 315.0 1592.0 65.0 tibus aduerſus eos: gloriãdi & cõtendendi occaſio ſublata eſt. Paulus. ττοῦ ὁυρ ιι καύ

46.0 366.0 1606.0 52.0 ˒ Xuσισ; ¶Vulgata æditio. Quoniam quidẽ vnus eſt deus: qui iuſtificat circũciſionẽ ex

48.0 406.0 1614.0 59.0 ˒ fidel & præputium per fidem. ¶ Coniũctione cauſali magis latini vtuntur quãdoquidẽ

74.0 451.0 1578.0 63.0 q̃ quoniam quidẽ. Et iuſtificabit dicẽdum: nõ iuſtificat, nõ eni ilico fides ne Abrahæ!

68.0 491.0 1590.0 63.0 ne Chriſti iuſtificat: ſed fides præcedit ſegtur autẽ iuſtificatiol vt vult & nouit is ſolus

69.0 534.0 1576.0 67.0 qui iuſtificat. cur ſoli debetur iuſtificationis gloria & gratiarum actio iſæcula. Paulus.

70.0 584.0 1596.0 59.0 ἐ ττει περ ε̃ισ ὁ θεὸσ ὸσ λιΚαιωσει περιτομὴμ ἐκ ττίςςωσ καὶ αἀκροφθυσίαν λιὰ

72.0 625.0 877.0 63.0 rũ σ τίσεωσ. Nunc ad ſequentia tranſeamus.

1437.0 631.0 225.0 53.0 CAP. IIII.

81.0 889.0 262.0 146.0 P

388.0 680.0 1275.0 57.0 Aulus: ad iuſtificationemi primas & vicinas partes dat fidei, ne eſſe

388.0 707.0 1275.0 67.0 vult (quod aliqui putãt ) in operibus cõfidendũ tanq̃ poſſint ex illis iu

388.0 755.0 1269.0 73.0 ſtificari! & qui operatur ex operibus ſit iuſtificatus! quaſi opera iuſtifi¬

388.0 795.0 1269.0 73.0 cent. Non ita eſt. ſed iuſtificationis gloria: deo danda eſt qui iuſtificat!

391.0 840.0 1266.0 73.0 non opera: illi ſe reſpiciunt. Paulus autem deũ reſpicit. Illi: ſe glorifi

388.0 886.0 1266.0 70.0 cant. Paulus: deum. Illi: in ſe gloriantur & tument. Paulus: in deo glo

388.0 935.0 1269.0 60.0 riatur! & ſe in ſe humiliat. Illi: profecto impij. Paulus: pius. Illi: carna

388.0 971.0 1266.0 67.0 les. Paulus: ſpiritualis. illos: ſcientia humana degrauat carnali ſẽſui

72.0 1007.0 1586.0 71.0 innitentes. Paulum: diuina ſcientia eleuat ſuũ quidem ſenſum deſcrentẽ & ſpiritui ini

88.0 1059.0 1566.0 70.0 tentẽ, omnia & omnem laudẽ: refert Paulus in deum. illi: in hominęm. Proide ſubdit

52.0 1111.0 1600.0 56.0 ˒ Paulus. ¶ Quid ergo dicemus inueniſſe Abraham patrem noſtrũ ſecundum carnem?

54.0 1163.0 1598.0 49.0 ˒ Si enim Abraham ex operibus iuſtificatus eſt: habet vnde glorieturi ſed non apud de¬

52.0 1198.0 1606.0 60.0 ˒ ũ. ¶Nã Abrahæ qui operatus fuiſſet! & quẽ propria opera iuſtificaſſet! hæc laus eſſet:

78.0 1252.0 1580.0 51.0 non dei. At cum dicimus deum ex fide iuſtificaſſe Abraham: hæc iuſtificationis gloria

76.0 1293.0 1582.0 60.0 dei eſt non Abrahæ. At forſitan hic dices. Attamen Iacobus apoſtolus ait: Abraham

74.0 1335.0 1584.0 55.0 ex operibus iuſtificatum. Inquit enim. Abraham pater noſter: nunquid ex operibus iu¬

74.0 1378.0 1584.0 56.0 ſtificatus eſt offerẽs Iſaac filium ſuum ſuper altare? Nichil id ei quod ſpiritiloquus ne¬

78.0 1426.0 1582.0 59.0 gat Paulus: aduerſatur. Nam negat Paulus ex operibus Abraham iuſtificatum: vt cre¬

78.0 1465.0 1584.0 61.0 dunt illi qui in operibus legis confidunt! quaſi ex operibus iuſtitia ſit! & opera ipſa

76.0 1517.0 1584.0 53.0 iuſtificent. ſed eum dicit! potius ex fide a deo iuſtificatum. Quod & diuinus ſentit la¬

74.0 1554.0 1584.0 59.0 cobus: qui ait. Omne datum optimũ & donum perfectum de ſurſum eſt! deſcendens

76.0 1596.0 1590.0 61.0 a patre luminũ. Apud quẽ non eſt tranſmutatio: nec vertibilitatis adũbratios id eſt trãſ

76.0 1647.0 1582.0 55.0 mutationis vertibilitatiſ eius ſignum aliquod & indicium. Quis enim neget iuſti¬

70.0 1689.0 1584.0 57.0 ficationẽ donum eſſe perfectũ? Et non vult ex operibus quenq̃ iuitificari: vt ij quidem

78.0 1734.0 1576.0 55.0 volunt qui confidunt operibus! tãq̃ opera iuſtificent. Sed ipſe opera vt adininicula iu¬

76.0 1772.0 1580.0 61.0 ſtificationis conſequendæ aut conſeruandæ: fidei adiungit. Inquit enim. Vides quoniã

80.0 1821.0 1576.0 55.0 fides cooperabatur operibus: & ex operibus fides cõſumata eſt? Et fidem quã nõ præce

76.0 1861.0 1578.0 63.0 dũt comitãtur aut ſequũtur opera: mortuã appellat. vt eũ hominẽ mortuũ diceremus:

83.0 1906.0 1575.0 67.0 quẽ nulla comitatur operatioſ nullus ſenſus, nullũ ſpiraculũ. At ſi quẽ operãtẽ ſi quẽ ſẽ

80.0 1955.0 1578.0 56.0 tiẽtem videmus: ſcimus ꝙ viuit. & ſi aliquid ſpiritus! id eſt ſpiraculit aſpirationis & re¬

80.0 2003.0 1578.0 51.0 ſpirationis percipimus: ſignũ adhuc vitæ habemus. Ita opera fideil quę eadẽ ſunt opera

80.0 2046.0 1576.0 54.0 regalis legis (ſic eni eam appellat: quæ decẽ præcepta cõtinet) ſigna ſunt fideil & viuæ

80.0 2086.0 1578.0 59.0 quidem fideil quã iuſtificatio ſequitur! vt oculum ſanũ ad ſolem cõuerſum illuminatio:

80.0 2131.0 1580.0 58.0 iuſtificationẽ retinẽt. Sed fallitur: qui ipſam oculi ad ſolare iubar cõuerſionem dicit

83.0 2173.0 1577.0 59.0 eſſe illuminationẽ. & multo magis qui colyriorũ opera & multiplices oculorũ purifica¬

80.0 2216.0 1582.0 60.0 tiones credit eſſe illuminationë. Hæc tamen illuminationi remotiora: illa vicinior. &

85.0 2266.0 1577.0 55.0 gratia & beneficiũ ſolis eſt ꝙ illuminãtur oculi: nõ conuerſionis oculorũ non operum.

83.0 2311.0 1581.0 56.0 hæc: in ſymbolol opera ſunt legis. Illa: fides eſt. ſed radius de ſuper a ſole vibratus: iu¬

83.0 2349.0 1581.0 61.0 ſtificatio eſt. Purgãt igitur opera legis fides cõuertit iuſtificatio illuminat. opera: tene

85.0 2396.0 1575.0 58.0 broſa purg atio. fides: applicatio. iuſtificatio: mundicia illuminans! & omnia ſerenans.

80.0 2436.0 1586.0 61.0 Duæ ſectæ olim erãt. Prima: cõfidentiũ in operibus vt quæſ ſentẽtia eorũ ſufficerent ad

85.0 2479.0 1577.0 60.0 iuſtificandũ. Secũda: cõfidentiũ in fide! nichil opera curantium. hanc: cõfutat Iacobus

93.0 2527.0 1573.0 65.0 apoſtolus, illã Paulus. Et tu (ſi ſpiritu ſapis) ne in fide ne in operibus: ſed in deo cõ

91.0 2576.0 1575.0 55.0 fide. & primas partes aſſequẽdæ a deo ſalutis: fidei tribue ex Paulo. & operai fidei adiũ¬

95.0 2612.0 1571.0 69.0 ge: ex lacobo. ſunt enim ſignũ viuæ & fructiferæ fidei. At carentia operũ: ſignum fidet

89.0 2661.0 1577.0 55.0 ocioſæ & mortuæ, & cõtraria opera: vt fœtor quidã horribilis ex mortuo dudum cada¬

89.0 2697.0 1579.0 69.0 uere iam exalãs. Qui hoc modo intelligeti ſpiritualiter intelliget: & vtrũ apoſtolũ cõ

87.0 2746.0 1583.0 61.0 ciliabit ante ſuam etiã conciliationẽ conciliatũ. Nam hæc ſane diſcordia: noſtra eſt &

85.0 2792.0 1585.0 59.0 carnis & nõ ſpirit9, caro eni & litera plera facit diſcordia videri:q̃ mãifeſte, ſpiritꝰ cõ

83.0 2835.0 1587.0 95.0 cordia. Et ꝙ priæ partes & potiſſie ad iuſtificationẽ: fidei tribuãt ſubdit Paulus dicẽs.

1457.0 2896.0 91.0 85.0 k.iiij.

24.0 1068.0 39.0 76.0 29
