2163 3602
366.0 122.0 54.0 100.0 2

570.0 204.0 1558.0 110.0 ficut teipſum. Ecce quomodo audito nomine legis: ſtatim decalogi precepta intellexis

570.0 300.0 1558.0 58.0 quæ & adduxit & ſubintulit dominus. Recte reſpondiſti. fac hoc & viues. Sed forſitan

574.0 346.0 1550.0 52.0 quæres! quomodo circũciſio iudæo prodeſt ſi legem obſeruet: cum Paulus alibi dicati

572.0 390.0 1554.0 56.0 ſi circũcidimini Chriſtus nichil vobis proderit? Gẽtili profecto non ſolum nõ prodeſt:

570.0 428.0 1556.0 66.0 ſed & noxia & prohibita eſt. & Galatas (qui gẽtes erant) prohibet Paulus cum intere

570.0 478.0 1554.0 60.0 minatione circuncidi. At ne noxia ne prohibita erat iudæis: quam etiam iuxta per¬

570.0 522.0 1556.0 52.0 miſſionem apoſtolorum in pręſentem diem ſeruare potuiſſent in ſignum dũtaxat. in ſi¬

574.0 564.0 1552.0 60.0 gnum dico generis & fidei: ꝙ deſcendiſſet de ſtirpe & fide Abrahæl & y de ſua gẽte ſe¬

572.0 604.0 1552.0 60.0 cundum carnem deſyderatus cunctis gentibus deſcẽdiſſet Chriſtus dominus. Et Chri¬

572.0 654.0 1552.0 58.0 ſtum quidem confitentibus & præcepta eius ſeruantibus: non modo illis non nocuiſſet

574.0 700.0 1552.0 52.0 circũciſioiſed etiam profuiſſet cum ad gloriam tum ad arctius euangelicæ vitæ obſer¬

572.0 736.0 1554.0 60.0 uandæ incitamentum. vt qui ſignum haberent ĩ carne:ꝙ ex ciss id eſt ex ſanctis patri¬

572.0 782.0 1554.0 64.0 bus eorum Chriſtus ſuper omnia benedictus deſcendiſſet. cognoſcentes quidem ꝙ nõ

574.0 832.0 1552.0 62.0 per id ſignum ſaluabantur: ſed per redemptionem ſaluatoris qui ſe pro omnium ſalute

572.0 880.0 1554.0 50.0 tradidit immolandum. Verum nunc in litera circunciſionis occiduntur: non accipien¬

570.0 912.0 1556.0 60.0 tes eam pro ſigno ſed rem putantes neceſſariã ad ſalutemi magis in ea cõfidentes q̃ in

568.0 962.0 1556.0 62.0 ſanguine ablutionis teſtamenti æterni in ſanguine Meſię tollentis peccata totius mũ¬

572.0 1008.0 1552.0 56.0 di. Quapropter circunciſio non iodo eis nihil prodeſt: ſed obeſt etiam ſeruantibus le¬

574.0 1054.0 1552.0 58.0 gemi ſi in litera circunciſionis & non in ſpiritu ambulant. ſpiritus enim eſt intelligere

572.0 1096.0 1552.0 58.0 circunciſionem ſolum ſignum eſſe & in ea ſalutem non cõſiſtere, litera eſt credere in ea

570.0 1136.0 1554.0 64.0 ſalutem conſiſtere! & quia quis circunciſus ideo ſaluandus ac ſine circũciſione ſaluari

574.0 1184.0 1548.0 56.0 non poſſe. Et qui adhuc ex iudæis noſtra tẽpeſtate ad Chriſtianiſmũ veniunt! qui qui¬

574.0 1226.0 1548.0 58.0 dem ſpiritu non viuificantur ſed adhuc litera excæcantur & eorum obſcuratæ ſunt in¬

570.0 1270.0 1554.0 58.0 telligentiæ ſuperpoſito velamine legis: ſecreto iudaizãt & filios circuncidunti veritati

570.0 1314.0 1554.0 64.0 exemplarium non fidentes. eſt enim Chriſtus! & myſteria eius: omnium exemplarium

574.0 1358.0 1548.0 62.0 legalium veritas. ſignis hærent affixi tanq̃ veritatibus: & in illis ſolis ſe poſſe ſaluarit

570.0 1404.0 1552.0 62.0 aut non ſine illis temerarie cõfidunt. Optimo igitur iure Chriſtus rex ærernus! qui lux

572.0 1452.0 1552.0 52.0 vera eſt: in omni regione & regno per ſuos prohibet ne id faciant ſed dimiſſa ſignorũ

588 1488 1532 69 18 ſtultitia! lucem hauriãt ſpiritum veritatis accipiant & viuant. Cum ergo circunciſio

546.0 1530.0 1576.0 72.0 * nichil ſit niſi ſignũ: adijcit Paulus. ¶Si igitur pręputium iuſtitias legis cuſtodiat:nõ¬

546.0 1584.0 1572.0 54.0 ne præputium eius in circunciſionem reputabitur? & id quod ex natura eſt præputium

546.0 1622.0 1574.0 66.0 , legem conſumãs: iudicabit tel qui per literam & circunciſionem pręuaricator es legis?

574.0 1674.0 1546.0 54.0 ¶ Certe cius qui ſecundũ carnem incircunciſus! ſecundum tamen ſpiritũ circunciſus:

568.0 1710.0 1552.0 62.0 incircunciſio reputabitur in circunciſionem! & multo magis q̃ ea quæ ſecundum lite¬

568.0 1758.0 1554.0 61.0 ram & in carne eſt circunciſio. & condẽnabit incircunciſio quæ ſecundum naturam eſt

568.0 1811.0 1554.0 50.0 (naſcimur enim omnes incircunciſil & glandem genitalis organi cuticula contectum

572.0 1847.0 1548.0 58.0 habẽtes, quæ præputium appellatur) carnalem circunciſionem. Et vbi perfrequenter

570.0 1889.0 1554.0 60.0 in Paulo præputium legis: ſi incircunciſum intelligis! nichil erras. Et cum dicit

570.0 1939.0 1550.0 56.0 & id quod ex natura eſt præputium legem conſumans iudicabit telqui per literam

572.0 1985.0 1550.0 54.0 & circunciſionem præuaricator es legis: perinde eſt ac ſi dicat & incircunciſus natura

572.0 2023.0 1552.0 60.0 legem conſumans, iudicabit condẽnabit te legis per literam & circunciſionem trãſ¬

579 2068 1538 63 10 greſſorem. ſed hæc impendio nõ ſunt intellectu difficilia. Mox duplicem eſſe iudæuml

546.0 2117.0 1578.0 56.0 ,& duplicem circunciſionem: innuit apoſtolus dicens. ¶ Nõ enim qui in manifeſto: iu¬

550.0 2167.0 1572.0 54.0 ,dæus eſt. ne quæ in manifeſto in carne: circunciſio. ſed qui in abſcondito: iudæus eſt.

550.0 2207.0 1574.0 58.0 ,& circunciſio: cordis in ſpiritul non litera. cuius laus non ex hominibus ſed ex deo eſt.

574.0 2241.0 1548.0 62.0 ¶Duplicem eſſe iudæum innuit. Vnus eſt iudæus: ſecundum carnem. Alter: ſecundum

568.0 2295.0 1554.0 52.0 ſpiritum. Secundum carnem is eſt: qui ſolum in manifeſto! & in carne circunciſus eſt.

572.0 2333.0 1550.0 60.0 Secundum vero ſpiritũ: qui in occultol & in ſecreto cordis eſt circunciſus. Et vt primus

564.0 2381.0 1560.0 56.0 modicam carnis particulam depoſitam habet & adhæret carnil & caro affectibus: ita &

568.0 2421.0 1554.0 60.0 ſecundus vniuerſos carnis depoſitos habet affectus! & adhæret ſpiritui! & deo ſpiritus.

564.0 2465.0 1558.0 58.0 hic in ſacris eloquijs: verus intelligitur iudæus.ille: ſolo nomine. hic ſpritualis, ille:

566.0 2513.0 1556.0 58.0 carnalis. hic:in occulto. ille:ĩ manifeſto. hic: deo. ille: hominibus. hic: cœleſtis. ille: ter¬

564.0 2561.0 1554.0 52.0 renus. hic: corde & ſpiritu. ille: carne & litera iudæus appellatur. hũc Iudam iuxta Ta¬

566.0 2607.0 1554.0 52.0 chariæ oraculum elegit deus poſſeſſionem ſuam. poſſidebit (inquit) dominus Iudam

564.0 2643.0 1554.0 62.0 partem ſuam in terra ſanctificata. illum ſecũdum Eſaiam diſperdidit deus. Ruit enim

566.0 2689.0 1554.0 58.0 inquit Hieruſalem: & iudas concidit. quia lingua eorum & aduentiones eorum cõtra

564.0 2729.0 1556.0 60.0 dominum: vt prouocarent oculos maieſtatis eius. hic: laudabilis. iuda inquit te lauda¬

564.0 2773.0 1554.0 70.0 bunt fratres tui. ille: laudem nõ meretur. qui te beatum (inquit) dicunt: ipſi te decipiũti

562.0 2817.0 1556.0 106.0 & viam greſſuum tuorum diſſipant.hic:videns, ille: cæcus. hic:confitens. ille:negans.

1117.0 148.0 204.0 104.0 COM.
