2217 3614
322 60 63 162 4

528 200 1602 113 vocatum apoſtolum aut deinceps vocatos ſanctos aut aliquid ſimile: vocatum nomi¬

532 281 1598 72 naliter ſumi: hoc nomine RAuτὸσ vtens perinde valẽte ac vocatum! inuitatuml accer

534 327 1596 72 ſitum. Accerſitus profecto in apoſtolatum fuit: quando dominus ei dixit. ſurgel & ingre

538 367 1590 70 dere ciuitatem: & tibi dicetur quid te oporteat facere. Et cum dictum eſt Ananię: quæ¬

536 411 1594 70 re in domo Iudæ Saulum! nomine tarſenſem. ecce enim orat. vade: quoniam vas ele¬

538 457 1590 71 ctionis eſt michi iſte vt portet nomen meum coram gẽtibus! & regibus! & filijs Iſrael,

538 520 1594 52 ego enim oſtendam illi: quanta oporteat eum pro nomine meo pati. vocatus igitur tuc

540 552 1592 72 eſt apoſtolus: ad portandum ſaluificum! & animarum liquefactiuum ſuperdulce no¬

536 588 1592 74 men Iheſulcoram gentibus & regibus. Segregatus autem fuit in opus euangelij. Nam

538 640 1594 64 duodecim fuerant Apoſtoli collecti. & congregati in vna ſocietate: dimiſſi in Iudæa

538 684 1592 64 ad ſaluandos filios Iſrael per gratiam deil omnes ſaluare volentis. Paulus vero ſeor¬

540 724 1590 71 ſum & ſeparatim electus eſt: ad ſalutem gẽtium. tantum dei circa omnes pietatis opus

540 768 1590 77 & miſerationis ſolicitudo: qui errantes a ſeſ ac etiam fugientes! vltro requirit & ſacris

540 811 1590 70 ſuis humeris impoſitos in æternitatis caulas reducit. At deum promiſiſſe euangelium

542 863 1586 70 per prophetas in ſcripturis de filio ſuo qui eſt Chriſtus Iheſus ſuperbenedictus: notum

544 909 1584 60 eſt ijs qui legũt pſalmos. Eſaiam Hieremiam! & alios prophetas. In pſalmis legimus.

542 945 1588 68 Ecce dominus dabit verbum euangelizantibus virtute multa. In Eſaia. De Sion exi¬

542 989 1588 69 bit lex! & verbum domini de Hieruſalem: & iudicabit gentes! & arguet populos mul¬

542 1040 1590 64 tos. Et rurſus. Propter hoc ſciet populus meus nomen meum in die illa: quia egoipſe

544 1088 1586 60 qui loquebar ecce aſſum. q̃pulchri ſuper montes pedes annũciantis & prædicantis pa¬

544 1132 1586 58 cemſannunciantis bonum prædicantis ſalutem? Et Naum propheta. Ecce ſuper mon¬

544 1176 1584 60 tes: pedes euangelizantis & annũciantis pacem. Et Hieremias. Ecce dies veniunt di¬

548 1216 1578 62 cit dominus: & feriam domui Iſrael & domui Iuda fœdus nouum. & ſubdit dabo lege

546 1258 1584 63 meam in viſceribus eorum: & in corde eorum ſcribam eam. & ero eis in deum: & ipſi

548 1313 1580 54 erunt michi in populum. Cæterum Chriſtũ de Dauid ſecundum carnem fuiſſe: id ora¬

550 1355 1578 54 culum teſtatur. De fructu ventris tui: ponam ſuper ſedem tuam. Et Matthæus in prin¬

546 1397 1580 58 cipio euangelij ſui: cum dicit. Liber generationis Iheſu Chriſti filij Dauid. Sed & de¬

548 1439 1578 62 finitum & declaratũ filiũ dei in poteſtate: quis inficias ibit ? Quis enim virtutes! & ſi¬

550 1481 1572 71 gnal & poteſtates fecit: quæ ipſe? per quæ etiam & dæmones: filium dei confitebantur.

548 1535 1578 61 procidebant enim (inquit Marcus) ei: & clamabant dicentes tu es filius dei. declara¬

548 1580 1576 52 tus eſt per ſpiritum ſanctum: cum viſibiliter ſuper eum deſcendit/ & vox patris into¬

546 1622 1578 56 nuit hic eſt filius dilectus/in quo michi complacui. declaratus eſt & filius dei ex reſur¬

548 1670 1576 52 rectione a mortuis, quis enim ſeipſum propria virtute ſuſcitauit a mortuis: niſi filius

550 1712 1572 56 dei qui dixit/ tollite templum hoc & in triduo excitabo illud? Et iterum. Ego pono

548 1754 1576 55 animam meam: vt iterum ſumam eam. Nemo tollet eam a me: ſed ego pono eam a

550 1798 1572 65 meipſo. poteſtatem habeo ponẽdi eã: & poteſtatẽ habeo iterũ ſumendi eã· Ecce igitur

552 1845 1572 56 quo modo ex poteſtatel quo modo per ſpiritum ſanctitatis i id eſt ſpiritum ſanctuml &

552 1889 1572 56 quo modo ex reſurrectione a mortuis: definitus declaratuſ eſt filius dei. Et hanc hu¬

550 1933 1574 56 ius loci eſſe intelligentiam: ſacer ſenſit Athanaſius. Et per Chriſtum: Paulum accepiſſe

552 1973 1574 66 gratiam & apoſtolatũ iam perſpicuũ euaſit. Sed de modo ſalutationis Pauli nõ nichil

550 2021 1574 57 attingere forſitan non fuerit abſurdum. Solent eni philoſophit etiam qui ſunt peritio¬

548 2057 1578 67 res:præponere pro ſalute bene agere. Paulus autẽ hic præfigit pro ſalute: gratia & pax

550 2110 1576 58 a deo patre noſtro & domino Iheſu Chriſto. Philoſophi homines reſpiciunt/ & homi¬

546 2156 1578 56 num opera. Paulus: deum/ & in nobis dei opus. philoſophi: præparationem. Paulus:

546 2194 1580 66 conſumationẽ. bene agere eni: non eſt niſi ſe ad gratiã dei præparare. Philoſophi reſpi

544 2236 1582 66 ciunt tenebroſum. Paulus luminoſũ. magnũ profecto eſt quo ad nos: bene agere. At ſi

544 2278 1584 71 ad gratiã & pacẽ dei conferas: exiguũ/etiam multo magis q̃ oculi diſpoſitio minus eſt

548 2325 1578 66 q̃ lux quæ a ſole diffunditur in oculũ. paruus igitur eſt modus ſalutandi philoſophorũ.

544 2379 1580 56 Pauli autẽ magnus ac inſignis. Et ſiue grãmaticiſiue rhetores ſiue philoſophi ſalutã¬

542 2413 1584 68 tes dicãt ſaluus ſis/ ſalutem bene agere/ aut quippiam ſimile: modus ſalutãdi terrenus

544 2459 1586 70 eſt. Pauli aũt diuinus. Hęc igitur ſalutatio: omni alia ſalute & maior & eminẽtior. Poſt

546 2509 1582 62 quam quidẽ ſalutationẽ: aggreditur ſanctã narrationẽ. ꝙ gratias agat deo/ ſuper bono

546 2557 1580 57 teſtimonio fidei Romanorũ/ ꝙ in orationibus ſuis ad deũ pro eis iugiter oret/ & prece¬

550 2598 1578 60 tur: vt ſibi aliquando proſpere cædat veniendi ad eos nõ cupiditate locorũ videndorũl

548 2642 1580 68 non curioſitate antiquitatũ Romanarũ (quid eni hæc vana cuperet qui raptus fuerat

550 2688 1582 60 ad tertiũ cœlũi & viderat ſpectacula mũdo maiora) ſed vt gratiã ſpiritualẽ eorũ ĩſereret

552 2724 1580 70 pectoribus & vna cũ eis ſancta pace dei/ quam in ſalute eis optarat/ cõſolaretur in fi¬

554 2774 1580 64 de Iheſu Chriſti. non enim hæc ſpiritualis gratia & pax: ſine fide Iheſu Chriſti haberi

526 2814 1630 119 * poteſt. At nũc audiamus Paulum hoc padõ narrationẽ ſuã incipientẽ. ¶ Primũ quide? 2

441 604 44 88 4

439 590 45 105 4

457 816 37 96 5

1212 146 205 90 COM.

460 1276 37 85 8

447 1371 40 112 7

433 1370 64 168 3

483 1899 11 78 2

471 1899 29 158 3

472 1858 34 198 :

457 1903 55 141 3
