2228 3648
1528.0 222.0 77.0 73.0 69

889.0 184.0 27.0 111.0 I

70.0 249.0 1614.0 105.0 At qui hoc pado deum dimittunt: nunquid æquũ eſt vt a deo dimittanturevt proprijs

72.0 338.0 1612.0 69.0 cõcupiſcentijs inſeruientes: ludibrijs dęmonũ quibus in huiuſmodi figmẽtis derelicto

36.0 374.0 1644.0 73.0 8 deo famulabãtur! dementarẽtur? propter hoc certe a deo derelinquũtur: vt & ſic aperit

42.0 425.0 1638.0 73.0 * Paulus. ¶ Propter qd & tradidit eos deus in deſyderijs cordiũ eorũ in imũdiciam: vt

46.0 470.0 1638.0 71.0 „ ignominia afficiãt corpora ſua in ſeipſis qui cõmutauerũt veritatẽ dei ĩ mẽdaciũ! & ve

44.0 514.0 1638.0 71.0 „ nerati ſunt! & coluerũt creaturã p̃termiſſo creatore qui eſt benedictus in ſęcula. Amen.

79.0 557.0 1603.0 71.0 ¶ Quid eſt & tradidit eos deus: niſi dimiſit & pmiſit eos deus? Et cũ deus ſãctitas ſit &

70.0 610.0 1608.0 64.0 ſũma puritas: quid reſtat niſi qui eũ dimittunt ſimpuri ſint & imundi? & quanto magis

72.0 656.0 1612.0 55.0 dimittunt: magis impuri & imundi ſint & immũdiciam affectantes. quam quia natura

70.0 701.0 1610.0 52.0 non preſtat (eſt eni deus ſanctus in omnibus operibus ſuis) eã in ijs quæ preter natu¬

70.0 743.0 1610.0 61.0 rã ſunt maxime q̃runt. Et quia dæmones magis deũ dimiſerũt ideo inſũdi magis & ma

79.0 784.0 1601.0 67.0 gis immundiciã affectãtes eã quidẽ maxime quam diximus eſſe pręter naturam. Non¬

75.0 826.0 1607.0 65.0 ne igitur qui deum deſerunt & ſimiles dæmonibus ſunt ĩmundi erunt & immũdiciam

44.0 877.0 1636.0 65.0 9 eam amabunt quę præter naturam eſt? Profecto. Et hoc eſt certiſſimũ ſignum:ꝙ deum

46.0 918.0 1630.0 64.0 deſeruerunt! & a deo derelicti ſunt. Quod apertiſſime inſinuat Paulus dicens. ¶ Pro¬

46.0 968.0 1632.0 59.0 pter hoc tradidit eos deus in affectus ignominiæ. Nam & fœminæ eorum mutauerunt

50.0 1009.0 1626.0 65.0 naturalẽ vſum: in eum qui eſt contra naturam. Similiter autem & mares dimittentes

48.0 1057.0 1628.0 53.0 » naturalẽ vſum fœminæ: exarſerunt in cõcupiſcentia ſua in ſe inuicem(maſculi in ma¬

48.0 1098.0 1634.0 63.0 » ſculos turpitudinem operantes & mercedem erroris ſut quam oportuit! in ſeipſis reci¬

54.0 1147.0 1630.0 60.0 „ pientes. ¶Vide præcipitia & imundicias in quas incidunt deum relinquentes: immo &

83.0 1187.0 1601.0 65.0 Ionge maiores quas ſcite apoſtolus reticuit. ſciebat enim inter quos verſabantur ſancti

79.0 1228.0 1601.0 71.0 ad quos ſcribebat. Et quid eſt: ꝙ dæ mon huius immundiciæ dico quę pręter naturam

85.0 1282.0 1599.0 55.0 eſt præcipuus & autor & inuentor ſe ſuccubum viris! & incubum fœminis interdum

85.0 1327.0 1599.0 51.0 miſcet? Eſt ne id præter naturam? Et magis quidem q̃ ſi homo miſceatur bruto. Et

83.0 1363.0 1603.0 65.0 propter admiſſionem incubi: temporibus noſtris permiſit deus omnes vnius clauſtri

83.0 1412.0 1599.0 57.0 virgines manifeſte a dȩmonibus torqueri. & id propter vnius delictum! cũ & ipſe pro¬

81.0 1459.0 1601.0 56.0 bę eſſent & illius ſceleris prorſus ignarę: oſtendens deus melius eſſe a dęmonibus tor¬

85.0 1501.0 1595.0 57.0 queril q̃ peccato contra naturã conſentire. oſtendens pręterea de talibus arctiſſimam

83.0 1544.0 1595.0 57.0 & ſeueriſſimam faciendam eſſe iuſtitiam: propter quos etiam inſontes tum cõmunita¬

83.0 1590.0 1595.0 55.0 tes tum regiones puniunturlaut etiam funditus euertuntur. propter hoc: terrę motus

85.0 1629.0 1593.0 63.0 vrbes diruunt flãmę erumpunt omnia populantes jaut ignis de cœlo deſcenditi fruges

83.0 1680.0 1595.0 58.0 terrę pereũt & pecora & omnis labor colonorũ perit irritꝰ! & poſt hęc aię ſuppliciũ ſu

83.0 1724.0 1589.0 53.0 beũt ſempiternũ. O iudices vrbiũ vigilatei ne hoc inſerpat malũ: maxime hoc tẽporet

85.0 1763.0 1585.0 58.0 vbi tot & tanta monſtra contingunti quę portendũt neſcio quid dirumi & vbi diabolus

85.0 1805.0 1585.0 63.0 videtur aliquid habere virium ad tã infandum & tam immanc ſeminandum venenũ.

83.0 1856.0 1587.0 55.0 reſecate dum nouum eſt: dum vires debiles ſunt ad nocẽdum. Hydra eſt Echidna eſt.

83.0 1898.0 1587.0 61.0 Hydram Hercules ſuſtulit flãmis: ne creuiſſet in imenſum. Videte ſi iuſtitiã non feceri¬

83.0 1943.0 1587.0 57.0 tis: ne iuſtitia dei deſuperl vos perdat quod in vniuerſum perit ſaluare nolẽtes. deum

79.0 1984.0 1589.0 60.0 habete ante conſpectum: alioqui ſi non habueritis fiet de vobis quod & de ijs factum

81.0 2032.0 1587.0 55.0 eſt qui dei prę ſe iugẽ memoriam habere noluerunt. Quid nam? Certe ſicut dei obliti

34.0 2065.0 1636.0 75.0 10 ſunt: ita deus oblitus eſt eorũ. Quod ſatis ex ſubſequẽtibus ijs verbis Pauli intellectui

56.0 2109.0 1614.0 77.0 , peruiũ eſt dicentis. ¶Et ſicut non probaucrunt deum habere in notitia: tradidit eos

58.0 2162.0 1608.0 67.0 ,deus in iprobam mentẽ faciendi quę non decẽt repletos omni iniuſtitia ſfornicationel

56.0 2205.0 1612.0 66.0 ,nęquitia auaritia malignitatel plenos iuidia cędeſ cõtẽtione! dolo! deprauata cõſuetu¬

58.0 2245.0 1610.0 71.0 ,dine! murmuratores detractores! deo odibiles! iniurioſos! ſuperbos ſarrogãtes) inuẽ¬

68.0 2294.0 1600.0 69.0 ,tores malorũl parentibus rebelles linſipientes incõpoſitos ſine dilectionel infidos imi¬

64.0 2336.0 1604.0 73.0 , ſericordes. qui iuſtitiã dei cognoſcentes  ꝙ qui talia agunt digni ſunt morte: non ſolũ

66.0 2383.0 1602.0 69.0 hęc aguntiſed etiã conſentiunt agentibus. (LQuid eſt nõ probauerunt deũ habere in

79.0 2427.0 1587.0 65.0 notitiã: niſi nõ tentauerũt nõ ſtuducrunt dei retinere notitiã & deũ i oibus ſuis agẽ¬

75.0 2474.0 1589.0 57.0 dis: habere p̃ſentẽ? Ideo quaſi ex oppoſito eorũ oblitus deus| dimiſit eis mentẽ ĩprobã

79.0 2515.0 1587.0 62.0 id ẽ nichil recte tẽtantẽt nichil experientẽ ꝗd bonũ ſit, cũ id experiri noluiſſent: qd ſũ¬

77.0 2555.0 1585.0 67.0 me erat eis bonũ, ergo ex oppoſitoſ qui ĩ oibus ſuis agẽdis ſtudẽt dei retinere notitiãl

77.0 2602.0 1589.0 65.0 ipſã ſẽper prę oculis haberet faciũt q̃ decent iuſtitia pleni ſuntſ fornicationẽ fugiunt

79.0 2646.0 1587.0 63.0 & omnẽ nęquitiã mũdi & boni liberales ſunt! beniuolil amici inſontes pacificil ſim¬

79.0 2683.0 1583.0 83.0 plices bonorũ morũ patientes (nemini detrahẽtes! pij deo amabiles iuſti humiles!

79.0 2729.0 1591.0 71.0 nõ ambitioſi bona procurantes parẽtibus obſequentes ſapientes modeſti dilectionẽ

75.0 2782.0 1593.0 69.0 habentes fidil miſericordes deũ bonorũ retributorem! & malorũ vindicem agnoſcen¬

70.0 2819.0 1600.0 73.0 tes ac bonis & non malis acquieſcentes. Signum igitur eſt ꝙ quis a deo non eſt ſibi

72.0 2865.0 1598.0 112.0 derelidus: cũ m omnibus agendis ſuis memoria dei occurrit & omnia ſua agit yeluti

1788.0 149.0 95.0 134.0 Ro.
