<?xml version="1.0" encoding="UTF-8"?>
<alto xmlns:xsi="http://www.w3.org/2001/XMLSchema-instance"
      xmlns="http://www.loc.gov/standards/alto/ns-v4#"
      xsi:schemaLocation="http://www.loc.gov/standards/alto/ns-v4# http://www.loc.gov/standards/alto/v4/alto-4-2.xsd">
  <Description>
    <MeasurementUnit>pixel</MeasurementUnit>
    <sourceImageInformation>
      <fileName>bsb11059254_00217.jpg</fileName>
    </sourceImageInformation>
  </Description>
  <Tags>
    <OtherTag ID="BT7" LABEL="CustomZone" DESCRIPTION="block type CustomZone"/><OtherTag ID="BT8" LABEL="DamageZone" DESCRIPTION="block type DamageZone"/><OtherTag ID="BT9" LABEL="DigitizationArtefactZone" DESCRIPTION="block type DigitizationArtefactZone"/><OtherTag ID="BT10" LABEL="DropCapitalZone" DESCRIPTION="block type DropCapitalZone"/><OtherTag ID="BT11" LABEL="GraphicZone" DESCRIPTION="block type GraphicZone"/><OtherTag ID="BT12" LABEL="MainZone" DESCRIPTION="block type MainZone"/><OtherTag ID="BT13" LABEL="MarginTextZone" DESCRIPTION="block type MarginTextZone"/><OtherTag ID="BT14" LABEL="MusicZone" DESCRIPTION="block type MusicZone"/><OtherTag ID="BT15" LABEL="NumberingZone" DESCRIPTION="block type NumberingZone"/><OtherTag ID="BT17" LABEL="QuireMarksZone" DESCRIPTION="block type QuireMarksZone"/><OtherTag ID="BT18" LABEL="RunningTitleZone" DESCRIPTION="block type RunningTitleZone"/><OtherTag ID="BT19" LABEL="SealZone" DESCRIPTION="block type SealZone"/><OtherTag ID="BT20" LABEL="StampZone" DESCRIPTION="block type StampZone"/><OtherTag ID="BT21" LABEL="TableZone" DESCRIPTION="block type TableZone"/><OtherTag ID="BT22" LABEL="TitlePageZone" DESCRIPTION="block type TitlePageZone"/><OtherTag ID="BT992" LABEL="MainZone-Head" DESCRIPTION="block type MainZone-Head"/><OtherTag ID="BT993" LABEL="MainZone-P" DESCRIPTION="block type MainZone-P"/><OtherTag ID="BT994" LABEL="MainZone-P-Continued" DESCRIPTION="block type MainZone-P-Continued"/><OtherTag ID="BT995" LABEL="MarginTextZone-ManuscriptAddendum" DESCRIPTION="block type MarginTextZone-ManuscriptAddendum"/><OtherTag ID="BT2726" LABEL="text" DESCRIPTION="block type text"/>
    <OtherTag ID="LT7" LABEL="CustomLine" DESCRIPTION="line type CustomLine"/><OtherTag ID="LT8" LABEL="DefaultLine" DESCRIPTION="line type DefaultLine"/><OtherTag ID="LT9" LABEL="DropCapitalLine" DESCRIPTION="line type DropCapitalLine"/><OtherTag ID="LT10" LABEL="HeadingLine" DESCRIPTION="line type HeadingLine"/><OtherTag ID="LT11" LABEL="InterlinearLine" DESCRIPTION="line type InterlinearLine"/><OtherTag ID="LT12" LABEL="MusicLine" DESCRIPTION="line type MusicLine"/><OtherTag ID="LT797" LABEL="default" DESCRIPTION="line type default"/>
  </Tags>
  <Layout>
    <Page WIDTH="2285"
          HEIGHT="3624"
          PHYSICAL_IMG_NR="14"
          ID="eSc_dummypage_">
      <PrintSpace HPOS="0"
                  VPOS="0"
                  WIDTH="2285"
                  HEIGHT="3624">
        <TextBlock HPOS="1831.0"
                   VPOS="153.0"
                   WIDTH="105.0"
                   HEIGHT="72.0"
                   ID="block_2"
                   TAGREFS="BT18">
          <Shape><Polygon POINTS="1936 153 1936 225 1831 225 1831 153"/></Shape>
          <TextLine ID="line_61"
                    TAGREFS="LT10"
                    BASELINE="1837 195 1930 195" 
                    HPOS="1837.0"
                    VPOS="112.0"
                    WIDTH="93.0"
                    HEIGHT="147.0">
            <Shape><Polygon POINTS="1928 259 1930 195 1930 146 1839 112 1837 195 1837 247"/></Shape>
	    <String CONTENT="Ro."
                    HPOS="1837.0"
                    VPOS="112.0"
                    WIDTH="93.0"
                    HEIGHT="147.0"></String>
          </TextLine>
        </TextBlock>
        <TextBlock HPOS="977.0"
                   VPOS="199.0"
                   WIDTH="53.0"
                   HEIGHT="76.0"
                   ID="block_4"
                   TAGREFS="BT18">
          <Shape><Polygon POINTS="1030 199 1030 275 977 275 977 199"/></Shape>
          <TextLine ID="line_1"
                    TAGREFS="LT10"
                    BASELINE="983 255 1019 251" 
                    HPOS="973.0"
                    VPOS="169.0"
                    WIDTH="46.0"
                    HEIGHT="112.0">
            <Shape><Polygon POINTS="983 275 1019 281 1019 251 1007 169 973 173 983 255"/></Shape>
	    <String CONTENT="I"
                    HPOS="973.0"
                    VPOS="169.0"
                    WIDTH="46.0"
                    HEIGHT="112.0"></String>
          </TextLine>
        </TextBlock>
        <TextBlock HPOS="1607.0"
                   VPOS="217.0"
                   WIDTH="90.0"
                   HEIGHT="58.0"
                   ID="block_3"
                   TAGREFS="BT15">
          <Shape><Polygon POINTS="1697 217 1697 275 1607 275 1607 217"/></Shape>
          <TextLine ID="line_0"
                    TAGREFS="LT8"
                    BASELINE="1607 255 1692 251" 
                    HPOS="1605.0"
                    VPOS="185.0"
                    WIDTH="87.0"
                    HEIGHT="82.0">
            <Shape><Polygon POINTS="1607 267 1690 265 1692 251 1682 185 1638 199 1605 191 1607 255 1607 267"/></Shape>
	    <String CONTENT="74"
                    HPOS="1605.0"
                    VPOS="185.0"
                    WIDTH="87.0"
                    HEIGHT="82.0"
                    WC="0.9999741911888123"></String>
          </TextLine>
        </TextBlock>
        <TextBlock HPOS="80.0"
                   VPOS="269.0"
                   WIDTH="1664.0"
                   HEIGHT="2586.0"
                   ID="block_1"
                   TAGREFS="BT994">
          <Shape><Polygon POINTS="1740 269 1744 2855 80 2851 84 269"/></Shape>
          <TextLine ID="line_2"
                    TAGREFS="LT8"
                    BASELINE="128 310 1728 314" 
                    HPOS="126.0"
                    VPOS="241.0"
                    WIDTH="1602.0"
                    HEIGHT="91.0">
            <Shape><Polygon POINTS="128 310 126 328 1724 332 1728 314 1724 253 1545 267 1346 267 1323 253 1315 247 1313 247 1311 247 1257 243 1190 243 1188 243 1186 243 1166 253 1142 265 874 265 854 253 828 241 826 241 507 241 505 241 447 253 411 243 409 243 407 243 405 243 376 255 356 263 338 255 318 245 316 245 314 245 261 255 227 261 195 255 151 245 149 245 147 245 128 253 128 310"/></Shape>
	    <String CONTENT="humiditatem: vt ficcus. &amp; tenebras: vt lucidus. verum ignis: calida ficeai &amp; lucida no"
                    HPOS="126.0"
                    VPOS="241.0"
                    WIDTH="1602.0"
                    HEIGHT="91.0"
                    WC="0.9618954824846845"></String>
          </TextLine>
          <TextLine ID="line_3"
                    TAGREFS="LT8"
                    BASELINE="126 352 1724 356" 
                    HPOS="124.0"
                    VPOS="320.0"
                    WIDTH="1600.0"
                    HEIGHT="56.0">
            <Shape><Polygon POINTS="126 352 124 374 1720 376 1724 356 1720 320 126 320 126 352"/></Shape>
	    <String CONTENT="exterminat: ſed amplectitur! fouet! ſaluat. hunc in modum deus plectit &amp; exterminat"
                    HPOS="124.0"
                    VPOS="320.0"
                    WIDTH="1600.0"
                    HEIGHT="56.0"
                    WC="0.9974551164960287"></String>
          </TextLine>
          <TextLine ID="line_4"
                    TAGREFS="LT8"
                    BASELINE="126 400 1726 400" 
                    HPOS="126.0"
                    VPOS="364.0"
                    WIDTH="1600.0"
                    HEIGHT="58.0">
            <Shape><Polygon POINTS="126 400 126 422 1726 420 1726 400 1724 364 126 368 126 400"/></Shape>
	    <String CONTENT="infideles mẽdaces. &amp; iniuſtos. at complectituri fouet at ſaluat: fideles! veraces &amp; iu¬"
                    HPOS="126.0"
                    VPOS="364.0"
                    WIDTH="1600.0"
                    HEIGHT="58.0"
                    WC="0.9904189076316491"></String>
          </TextLine>
          <TextLine ID="line_5"
                    TAGREFS="LT8"
                    BASELINE="124 442 1726 446" 
                    HPOS="122.0"
                    VPOS="408.0"
                    WIDTH="1604.0"
                    HEIGHT="61.0">
            <Shape><Polygon POINTS="124 442 122 461 1722 469 1726 446 1722 408 124 408 124 442"/></Shape>
	    <String CONTENT="ſtos. Fidelis igitur deus! &amp; verus &amp; iuſtus. Et quanto magis abundat infidelitas ſ mẽ¬"
                    HPOS="122.0"
                    VPOS="408.0"
                    WIDTH="1604.0"
                    HEIGHT="61.0"
                    WC="0.9865950733080677"></String>
          </TextLine>
          <TextLine ID="line_6"
                    TAGREFS="LT8"
                    BASELINE="126 491 1724 487" 
                    HPOS="124.0"
                    VPOS="455.0"
                    WIDTH="1600.0"
                    HEIGHT="56.0">
            <Shape><Polygon POINTS="126 491 126 511 1722 509 1724 487 1720 459 124 455 126 491"/></Shape>
	    <String CONTENT="dacium! &amp; iniuſtitia: tanto ſeuerius plectit! &amp; ſuam deus abuudantius fidelitatem! ve¬"
                    HPOS="124.0"
                    VPOS="455.0"
                    WIDTH="1600.0"
                    HEIGHT="56.0"
                    WC="0.9951911007249078"></String>
          </TextLine>
          <TextLine ID="line_7"
                    TAGREFS="LT8"
                    BASELINE="124 531 1726 535" 
                    HPOS="122.0"
                    VPOS="497.0"
                    WIDTH="1604.0"
                    HEIGHT="60.0">
            <Shape><Polygon POINTS="124 531 122 549 1722 557 1726 535 1724 501 124 497 124 531"/></Shape>
	    <String CONTENT="ritatem! &amp; iuſtitiam aperiti ad ſuam quidem gloriam &amp; ad eorum qui tam enormiter"
                    HPOS="122.0"
                    VPOS="497.0"
                    WIDTH="1604.0"
                    HEIGHT="60.0"
                    WC="0.9937352418899537"></String>
          </TextLine>
          <TextLine ID="line_8"
                    TAGREFS="LT8"
                    BASELINE="124 577 1726 577" 
                    HPOS="124.0"
                    VPOS="545.0"
                    WIDTH="1602.0"
                    HEIGHT="59.0">
            <Shape><Polygon POINTS="124 577 124 597 1724 604 1726 577 1726 549 124 545 124 577"/></Shape>
	    <String CONTENT="delinquunt confuſionem. &amp; hoc: cum ipſi in ſua ſunt infidelitatelmendacio! &amp; iniuſti¬"
                    HPOS="124.0"
                    VPOS="545.0"
                    WIDTH="1602.0"
                    HEIGHT="59.0"
                    WC="0.9882056937498205"></String>
          </TextLine>
          <TextLine ID="line_9"
                    TAGREFS="LT8"
                    BASELINE="124 618 1726 622" 
                    HPOS="122.0"
                    VPOS="587.0"
                    WIDTH="1604.0"
                    HEIGHT="55.0">
            <Shape><Polygon POINTS="124 618 122 638 1722 642 1726 622 1724 593 124 587 124 618"/></Shape>
	    <String CONTENT="tia pertinaces. Nam cum ipſi in eis ipſis non perſeuerant! ſed ſupplices ad deum con¬"
                    HPOS="122.0"
                    VPOS="587.0"
                    WIDTH="1604.0"
                    HEIGHT="55.0"
                    WC="0.9960370772025164"></String>
          </TextLine>
          <TextLine ID="line_10"
                    TAGREFS="LT8"
                    BASELINE="126 668 1726 668" 
                    HPOS="126.0"
                    VPOS="630.0"
                    WIDTH="1600.0"
                    HEIGHT="58.0">
            <Shape><Polygon POINTS="126 668 126 686 1724 688 1726 668 1724 630 126 632 126 668"/></Shape>
	    <String CONTENT="uertuntur : gratiam eius experiuntur &amp; benignitatem. &amp; vbi abundauit delictum: ſu¬"
                    HPOS="126.0"
                    VPOS="630.0"
                    WIDTH="1600.0"
                    HEIGHT="58.0"
                    WC="0.990983478906678"></String>
          </TextLine>
          <TextLine ID="line_11"
                    TAGREFS="LT8"
                    BASELINE="126 710 1724 710" 
                    HPOS="126.0"
                    VPOS="674.0"
                    WIDTH="1598.0"
                    HEIGHT="64.0">
            <Shape><Polygon POINTS="126 710 126 738 1722 738 1724 710 1720 674 126 676 126 710"/></Shape>
	    <String CONTENT="perabundat &amp; gratia. ſic enim benignitas dei &amp; gratia ſe inſignius abundantiuſ de¬"
                    HPOS="126.0"
                    VPOS="674.0"
                    WIDTH="1598.0"
                    HEIGHT="64.0"
                    WC="0.9863163089177694"></String>
          </TextLine>
          <TextLine ID="line_12"
                    TAGREFS="LT8"
                    BASELINE="128 755 1724 755" 
                    HPOS="128.0"
                    VPOS="724.0"
                    WIDTH="1596.0"
                    HEIGHT="57.0">
            <Shape><Polygon POINTS="128 775 1722 781 1724 755 1724 724 128 724 128 755"/></Shape>
	    <String CONTENT="clarant!malignos &amp; ingratos ſuſcipiendo: immo multum malignos! multum ingra¬"
                    HPOS="128.0"
                    VPOS="724.0"
                    WIDTH="1596.0"
                    HEIGHT="57.0"
                    WC="0.9858834193898486"></String>
          </TextLine>
          <TextLine ID="line_13"
                    TAGREFS="LT8"
                    BASELINE="126 797 1726 801" 
                    HPOS="126.0"
                    VPOS="767.0"
                    WIDTH="1600.0"
                    HEIGHT="54.0">
            <Shape><Polygon POINTS="126 797 126 821 1724 821 1726 801 1724 767 126 767 126 797"/></Shape>
	    <String CONTENT="tosi cum ſuam confitentur &amp; deteitantur maliciam pariter &amp; ingratitudinem. Verum"
                    HPOS="126.0"
                    VPOS="767.0"
                    WIDTH="1600.0"
                    HEIGHT="54.0"
                    WC="0.9949055530130864"></String>
          </TextLine>
          <TextLine ID="line_14"
                    TAGREFS="LT8"
                    BASELINE="128 845 1726 841" 
                    HPOS="126.0"
                    VPOS="809.0"
                    WIDTH="1600.0"
                    HEIGHT="56.0">
            <Shape><Polygon POINTS="128 845 128 865 1724 861 1726 841 1722 813 126 809 128 845"/></Shape>
	    <String CONTENT="cum hanc ſententiam diuinus prætenderet Paulus! &amp; diceret iniuſtitia noſtra iuſtiti¬"
                    HPOS="126.0"
                    VPOS="809.0"
                    WIDTH="1600.0"
                    HEIGHT="56.0"
                    WC="0.992678721745809"></String>
          </TextLine>
          <TextLine ID="line_15"
                    TAGREFS="LT8"
                    BASELINE="126 885 1722 889" 
                    HPOS="124.0"
                    VPOS="851.0"
                    WIDTH="1598.0"
                    HEIGHT="63.0">
            <Shape><Polygon POINTS="126 885 124 903 1718 914 1722 889 1718 851 126 853 126 885"/></Shape>
	    <String CONTENT="am dei commendat! veritas dei in mendacio noſtro abundat in gloriam eius: pleri"
                    HPOS="124.0"
                    VPOS="851.0"
                    WIDTH="1598.0"
                    HEIGHT="63.0"
                    WC="0.9955473452806473"></String>
          </TextLine>
          <TextLine ID="line_16"
                    TAGREFS="LT8"
                    BASELINE="128 934 1724 930" 
                    HPOS="126.0"
                    VPOS="901.0"
                    WIDTH="1598.0"
                    HEIGHT="53.0">
            <Shape><Polygon POINTS="128 934 128 954 1722 954 1724 930 1718 901 126 901 128 934"/></Shape>
	    <String CONTENT="non intelligentes dicebant Paulum blaſphemare! &amp; eum execrabantur tanq̃ blaſphe¬"
                    HPOS="126.0"
                    VPOS="901.0"
                    WIDTH="1598.0"
                    HEIGHT="53.0"
                    WC="0.9925669029355049"></String>
          </TextLine>
          <TextLine ID="line_17"
                    TAGREFS="LT8"
                    BASELINE="130 976 1722 976" 
                    HPOS="130.0"
                    VPOS="940.0"
                    WIDTH="1592.0"
                    HEIGHT="58.0">
            <Shape><Polygon POINTS="130 976 130 996 1720 998 1722 976 1720 940 130 946 130 976"/></Shape>
	    <String CONTENT="mum. &amp; vt peccatorem his verbis accuſabant: perinde eſſe ac ſi diceret faciamus ma¬"
                    HPOS="130.0"
                    VPOS="940.0"
                    WIDTH="1592.0"
                    HEIGHT="58.0"
                    WC="0.9956932714186519"></String>
          </TextLine>
          <TextLine ID="line_18"
                    TAGREFS="LT8"
                    BASELINE="128 1020 1720 1020" 
                    HPOS="128.0"
                    VPOS="984.0"
                    WIDTH="1592.0"
                    HEIGHT="60.0">
            <Shape><Polygon POINTS="128 1020 128 1040 1718 1044 1720 1020 1720 990 128 984 128 1020"/></Shape>
	    <String CONTENT="la vt veniant bonalid eſt vt bonitas dei commendetur in nobis. Enimuero ſi facimus"
                    HPOS="128.0"
                    VPOS="984.0"
                    WIDTH="1592.0"
                    HEIGHT="60.0"
                    WC="0.993931300029522"></String>
          </TextLine>
          <TextLine ID="line_19"
                    TAGREFS="LT8"
                    BASELINE="128 1065 1720 1065" 
                    HPOS="128.0"
                    VPOS="1034.0"
                    WIDTH="1592.0"
                    HEIGHT="53.0">
            <Shape><Polygon POINTS="128 1065 128 1087 1720 1083 1720 1065 1720 1034 128 1034 128 1065"/></Shape>
	    <String CONTENT="mala: bonitas dei probatur! oſtenditur in nobis! ſiue benigne expectet! ſiue vindex"
                    HPOS="128.0"
                    VPOS="1034.0"
                    WIDTH="1592.0"
                    HEIGHT="53.0"
                    WC="0.9932556237493243"></String>
          </TextLine>
          <TextLine ID="line_20"
                    TAGREFS="LT8"
                    BASELINE="128 1111 1718 1105" 
                    HPOS="126.0"
                    VPOS="1071.0"
                    WIDTH="1592.0"
                    HEIGHT="62.0">
            <Shape><Polygon POINTS="128 1111 128 1133 1716 1131 1718 1105 1712 1071 126 1077 128 1111"/></Shape>
	    <String CONTENT="puniat. At non dicit Paulus id eſſe ad noſtram commendationem: ſed ad dei glori¬"
                    HPOS="126.0"
                    VPOS="1071.0"
                    WIDTH="1592.0"
                    HEIGHT="62.0"
                    WC="0.9855650287121535"></String>
          </TextLine>
          <TextLine ID="line_21"
                    TAGREFS="LT8"
                    BASELINE="128 1153 1718 1153" 
                    HPOS="128.0"
                    VPOS="1123.0"
                    WIDTH="1590.0"
                    HEIGHT="54.0">
            <Shape><Polygon POINTS="128 1153 128 1171 1716 1177 1718 1153 1718 1123 128 1123 128 1153"/></Shape>
	    <String CONTENT="am. qui ſic bonus eſt vt nulla mala ferre poſſit: quin aut benignitate deleat! aut vin¬"
                    HPOS="128.0"
                    VPOS="1123.0"
                    WIDTH="1590.0"
                    HEIGHT="54.0"
                    WC="0.9858189012812472"></String>
          </TextLine>
          <TextLine ID="line_22"
                    TAGREFS="LT8"
                    BASELINE="128 1197 1720 1197" 
                    HPOS="128.0"
                    VPOS="1163.0"
                    WIDTH="1592.0"
                    HEIGHT="55.0">
            <Shape><Polygon POINTS="128 1197 128 1216 1718 1218 1720 1197 1718 1163 128 1165 128 1197"/></Shape>
	    <String CONTENT="dex puniat. &amp; ita ſentire ac dicere non eſt peccatorem eſſe! non eſt blaſphemare: ſed"
                    HPOS="128.0"
                    VPOS="1163.0"
                    WIDTH="1592.0"
                    HEIGHT="55.0"
                    WC="0.9953837527948267"></String>
          </TextLine>
          <TextLine ID="line_23"
                    TAGREFS="LT8"
                    BASELINE="116 1242 1718 1238" 
                    HPOS="114.0"
                    VPOS="1201.0"
                    WIDTH="1604.0"
                    HEIGHT="63.0">
            <Shape><Polygon POINTS="116 1242 116 1264 1716 1264 1718 1238 1712 1201 114 1210 116 1242"/></Shape>
	    <String CONTENT="deo gloriam in omni bonitatis fidelitatis veritatis &amp; iuſtitiæ eminẽtia tribuere. Pro¬"
                    HPOS="114.0"
                    VPOS="1201.0"
                    WIDTH="1604.0"
                    HEIGHT="63.0"
                    WC="0.9889748206083802"></String>
          </TextLine>
          <TextLine ID="line_24"
                    TAGREFS="LT8"
                    BASELINE="104 1290 1718 1284" 
                    HPOS="102.0"
                    VPOS="1246.0"
                    WIDTH="1616.0"
                    HEIGHT="68.0">
            <Shape><Polygon POINTS="104 1290 104 1314 1716 1306 1718 1284 1714 1246 558 1246 556 1246 461 1256 247 1246 245 1246 243 1246 241 1246 227 1256 211 1246 209 1246 207 1246 102 1246 104 1290"/></Shape>
	    <String CONTENT="˒ inde ſubdit Paulus. ¶Si enim veritas dei in meo mẽdacio abundauit ad gloriam eius"
                    HPOS="102.0"
                    VPOS="1246.0"
                    WIDTH="1616.0"
                    HEIGHT="68.0"></String>
          </TextLine>
          <TextLine ID="line_25"
                    TAGREFS="LT8"
                    BASELINE="110 1334 1714 1326" 
                    HPOS="108.0"
                    VPOS="1294.0"
                    WIDTH="1606.0"
                    HEIGHT="58.0">
            <Shape><Polygon POINTS="110 1334 110 1352 1712 1350 1714 1326 1710 1294 169 1294 167 1294 108 1304 110 1334"/></Shape>
	    <String CONTENT="˒ quid adhuc &amp; ego tanq̃ peccator iudicor? Et non eſt vt blaſphemamur! &amp; vt aiunt qui¬"
                    HPOS="108.0"
                    VPOS="1294.0"
                    WIDTH="1606.0"
                    HEIGHT="58.0"></String>
          </TextLine>
          <TextLine ID="line_26"
                    TAGREFS="LT8"
                    BASELINE="106 1379 1714 1373" 
                    HPOS="104.0"
                    VPOS="1342.0"
                    WIDTH="1610.0"
                    HEIGHT="61.0">
            <Shape><Polygon POINTS="106 1379 106 1403 1712 1391 1714 1373 1708 1342 104 1346 106 1379"/></Shape>
	    <String CONTENT="˒ dam nos dicere: faciamus mala vt veniant bona. quorum condẽnatio: iuſta eſt. ¶Non"
                    HPOS="104.0"
                    VPOS="1342.0"
                    WIDTH="1610.0"
                    HEIGHT="61.0"></String>
          </TextLine>
          <TextLine ID="line_27"
                    TAGREFS="LT8"
                    BASELINE="124 1423 1716 1415" 
                    HPOS="122.0"
                    VPOS="1379.0"
                    WIDTH="1594.0"
                    HEIGHT="62.0">
            <Shape><Polygon POINTS="124 1423 124 1441 1714 1433 1716 1415 1710 1379 122 1391 124 1423"/></Shape>
	    <String CONTENT="eſt vt blaſphemamur: non eſt vt execrabiliter loqui dicimur! &amp; vt quidam aiunt nos di"
                    HPOS="122.0"
                    VPOS="1379.0"
                    WIDTH="1594.0"
                    HEIGHT="62.0"
                    WC="0.9940201703239889"></String>
          </TextLine>
          <TextLine ID="line_28"
                    TAGREFS="LT8"
                    BASELINE="126 1463 1716 1457" 
                    HPOS="124.0"
                    VPOS="1431.0"
                    WIDTH="1592.0"
                    HEIGHT="52.0">
            <Shape><Polygon POINTS="126 1463 126 1483 1714 1481 1716 1457 1710 1431 124 1435 126 1463"/></Shape>
	    <String CONTENT="cere ſcilicet faciamus mala vt eueniant bona. Nequaq̃ ita dicebat Paulus: ſed in om¬"
                    HPOS="124.0"
                    VPOS="1431.0"
                    WIDTH="1592.0"
                    HEIGHT="52.0"
                    WC="0.9939287751913071"></String>
          </TextLine>
          <TextLine ID="line_29"
                    TAGREFS="LT8"
                    BASELINE="124 1510 1718 1503" 
                    HPOS="122.0"
                    VPOS="1469.0"
                    WIDTH="1596.0"
                    HEIGHT="61.0">
            <Shape><Polygon POINTS="124 1510 124 1530 1716 1524 1718 1503 1714 1475 161 1469 159 1469 157 1469 122 1479 124 1510"/></Shape>
	    <String CONTENT="nibus dictis ſuis deum honorificabat! ſupereminentem dei bonitatem manifeſtam fa¬"
                    HPOS="122.0"
                    VPOS="1469.0"
                    WIDTH="1596.0"
                    HEIGHT="61.0"
                    WC="0.9979278930911312"></String>
          </TextLine>
          <TextLine ID="line_30"
                    TAGREFS="LT8"
                    BASELINE="126 1554 1718 1548" 
                    HPOS="124.0"
                    VPOS="1518.0"
                    WIDTH="1594.0"
                    HEIGHT="56.0">
            <Shape><Polygon POINTS="126 1554 126 1574 1716 1568 1718 1548 1712 1518 124 1522 126 1554"/></Shape>
	    <String CONTENT="cere intendens. Verum ꝙ prima lex! ſolis hebræis tradita ſit! &amp; ꝙ primum eis prædica¬"
                    HPOS="124.0"
                    VPOS="1518.0"
                    WIDTH="1594.0"
                    HEIGHT="56.0"
                    WC="0.9974905820453868"></String>
          </TextLine>
          <TextLine ID="line_31"
                    TAGREFS="LT8"
                    BASELINE="126 1600 1716 1590" 
                    HPOS="124.0"
                    VPOS="1562.0"
                    WIDTH="1592.0"
                    HEIGHT="58.0">
            <Shape><Polygon POINTS="126 1600 126 1620 1714 1610 1716 1590 1710 1562 124 1570 126 1600"/></Shape>
	    <String CONTENT="tum ſit euangelium: nunquid iudæi q̃tum ex ſe eſt! cæteris præſtant hominibus? nun¬"
                    HPOS="124.0"
                    VPOS="1562.0"
                    WIDTH="1592.0"
                    HEIGHT="58.0"
                    WC="0.9898617360965315"></String>
          </TextLine>
          <TextLine ID="line_32"
                    TAGREFS="LT8"
                    BASELINE="138 1653 1718 1636" 
                    HPOS="132.0"
                    VPOS="1594.0"
                    WIDTH="1584.0"
                    HEIGHT="73.0">
            <Shape><Polygon POINTS="136 1651 136 1667 1716 1660 1716 1633 1707 1594 132 1600 136 1651"/></Shape>
	    <String CONTENT="quid digniores &amp; meliores cæteris fuere? Non profecto videtur ex ſententia Paulij ſe"
                    HPOS="132.0"
                    VPOS="1594.0"
                    WIDTH="1584.0"
                    HEIGHT="73.0"></String>
          </TextLine>
          <TextLine ID="line_33"
                    TAGREFS="LT8"
                    BASELINE="94 1685 1716 1681" 
                    HPOS="92.0"
                    VPOS="1646.0"
                    WIDTH="1624.0"
                    HEIGHT="61.0">
            <Shape><Polygon POINTS="94 1685 94 1707 1714 1703 1716 1681 1710 1646 92 1654 94 1685"/></Shape>
	    <String CONTENT="˒ (cũ iudæus natione eſſet) iudæis annumerantis: at hoc pacto ſubiungentis. ¶ Quid"
                    HPOS="92.0"
                    VPOS="1646.0"
                    WIDTH="1624.0"
                    HEIGHT="61.0"></String>
          </TextLine>
          <TextLine ID="line_34"
                    TAGREFS="LT8"
                    BASELINE="94 1729 1712 1729" 
                    HPOS="94.0"
                    VPOS="1695.0"
                    WIDTH="1618.0"
                    HEIGHT="56.0">
            <Shape><Polygon POINTS="94 1729 94 1747 1710 1751 1712 1729 1710 1695 94 1697 94 1729"/></Shape>
	    <String CONTENT="˒ ergo? Præcellimus? Non omnino. cauſam enim prædiximus: iudęos ſcilicet &amp; gentiles"
                    HPOS="94.0"
                    VPOS="1695.0"
                    WIDTH="1618.0"
                    HEIGHT="56.0"></String>
          </TextLine>
          <TextLine ID="line_35"
                    TAGREFS="LT8"
                    BASELINE="90 1777 1714 1769" 
                    HPOS="88.0"
                    VPOS="1737.0"
                    WIDTH="1626.0"
                    HEIGHT="58.0">
            <Shape><Polygon POINTS="90 1777 90 1795 1712 1793 1714 1769 1708 1737 88 1747 90 1777"/></Shape>
	    <String CONTENT="˒ omnes ſub peccato eſſel quemadmodum ſcriptum eſt. quia non eſt iuſtus ne vnus qui¬"
                    HPOS="88.0"
                    VPOS="1737.0"
                    WIDTH="1626.0"
                    HEIGHT="58.0"></String>
          </TextLine>
          <TextLine ID="line_36"
                    TAGREFS="LT8"
                    BASELINE="94 1820 1716 1814" 
                    HPOS="92.0"
                    VPOS="1785.0"
                    WIDTH="1624.0"
                    HEIGHT="55.0">
            <Shape><Polygon POINTS="94 1820 94 1840 1714 1834 1716 1814 1710 1785 92 1789 94 1820"/></Shape>
	    <String CONTENT="˒ dem. non eſt intelligens! non eſt requirens deum. Omnes declinauerunt! ſimul inutiles"
                    HPOS="92.0"
                    VPOS="1785.0"
                    WIDTH="1624.0"
                    HEIGHT="55.0"></String>
          </TextLine>
          <TextLine ID="line_37"
                    TAGREFS="LT8"
                    BASELINE="92 1866 1724 1856" 
                    HPOS="90.0"
                    VPOS="1828.0"
                    WIDTH="1634.0"
                    HEIGHT="56.0">
            <Shape><Polygon POINTS="92 1866 92 1884 1722 1874 1724 1856 1718 1828 90 1834 92 1866"/></Shape>
	    <String CONTENT="˒ facti ſunt: non eſt qui faciat bonum lnon eſt vſ ad vnum. Sepulchrum patẽs eſt gut¬"
                    HPOS="90.0"
                    VPOS="1828.0"
                    WIDTH="1634.0"
                    HEIGHT="56.0"></String>
          </TextLine>
          <TextLine ID="line_38"
                    TAGREFS="LT8"
                    BASELINE="94 1908 1714 1902" 
                    HPOS="92.0"
                    VPOS="1866.0"
                    WIDTH="1622.0"
                    HEIGHT="64.0">
            <Shape><Polygon POINTS="94 1908 94 1930 1712 1930 1714 1902 1708 1866 92 1878 94 1908"/></Shape>
	    <String CONTENT="˒ tur eorumllinguis ſuis doloſe agebant: venenum aſpidum ſub labijs eorum. Quorum"
                    HPOS="92.0"
                    VPOS="1866.0"
                    WIDTH="1622.0"
                    HEIGHT="64.0"></String>
          </TextLine>
          <TextLine ID="line_39"
                    TAGREFS="LT8"
                    BASELINE="104 1956 1714 1944" 
                    HPOS="102.0"
                    VPOS="1914.0"
                    WIDTH="1612.0"
                    HEIGHT="57.0">
            <Shape><Polygon POINTS="104 1956 104 1971 1712 1960 1714 1944 1708 1914 122 1916 120 1916 102 1924 104 1956"/></Shape>
	    <String CONTENT="˒ os maledictione &amp; amaritudine plenum eſt: veloces pedes eorum ad effundẽdum ſan¬"
                    HPOS="102.0"
                    VPOS="1914.0"
                    WIDTH="1612.0"
                    HEIGHT="57.0"></String>
          </TextLine>
          <TextLine ID="line_40"
                    TAGREFS="LT8"
                    BASELINE="99 2013 1714 1991" 
                    HPOS="93.0"
                    VPOS="1950.0"
                    WIDTH="1620.0"
                    HEIGHT="85.0">
            <Shape><Polygon POINTS="486 1953 456 1953 426 1953 395 1953 365 1953 335 1953 320 1953 93 1969 96 2011 96 2035 1710 2011 1713 1990 1704 1950 489 1950 486 1953"/></Shape>
	    <String CONTENT="˒ guinem. Contritio &amp; infœlicitas in vijs eorum! &amp; viam pacis non cognouerunt: non"
                    HPOS="93.0"
                    VPOS="1950.0"
                    WIDTH="1620.0"
                    HEIGHT="85.0"></String>
          </TextLine>
          <TextLine ID="line_41"
                    TAGREFS="LT8"
                    BASELINE="95 2065 1714 2033" 
                    HPOS="90.0"
                    VPOS="1993.0"
                    WIDTH="1623.0"
                    HEIGHT="84.0">
            <Shape><Polygon POINTS="1571 1996 1465 1996 1450 1999 1354 1999 1329 2002 1118 2005 1088 2008 967 2008 816 2014 241 2026 211 2029 90 2029 93 2077 293 2077 1710 2056 1713 2032 1704 1993 1577 1993 1571 1996"/></Shape>
	    <String CONTENT="˒ eſt timor dei ante oculos eorum. ¶ Ecce hæc peccata: iniuſtitial ignorantia deil negli¬"
                    HPOS="90.0"
                    VPOS="1993.0"
                    WIDTH="1623.0"
                    HEIGHT="84.0"></String>
          </TextLine>
          <TextLine ID="line_42"
                    TAGREFS="LT8"
                    BASELINE="122 2085 1714 2077" 
                    HPOS="120.0"
                    VPOS="2049.0"
                    WIDTH="1594.0"
                    HEIGHT="65.0">
            <Shape><Polygon POINTS="122 2085 122 2114 1712 2099 1714 2077 1708 2049 120 2055 122 2085"/></Shape>
	    <String CONTENT="gentia quærendi deum auerſiol inutilitas proprij finis fruſtratio! voracitas dolus lin"
                    HPOS="120.0"
                    VPOS="2049.0"
                    WIDTH="1594.0"
                    HEIGHT="65.0"
                    WC="0.9985372095272459"></String>
          </TextLine>
          <TextLine ID="line_43"
                    TAGREFS="LT8"
                    BASELINE="122 2132 1716 2120" 
                    HPOS="120.0"
                    VPOS="2091.0"
                    WIDTH="1596.0"
                    HEIGHT="67.0">
            <Shape><Polygon POINTS="122 2132 122 2158 1714 2140 1716 2120 1710 2091 120 2101 122 2132"/></Shape>
	    <String CONTENT="guæ proditiol maledictiol amaritudol ad fundendum ſanguinem prônitas! oppreſ¬"
                    HPOS="120.0"
                    VPOS="2091.0"
                    WIDTH="1596.0"
                    HEIGHT="67.0"
                    WC="0.9979103016547668"></String>
          </TextLine>
          <TextLine ID="line_44"
                    TAGREFS="LT8"
                    BASELINE="114 2174 1718 2166" 
                    HPOS="112.0"
                    VPOS="2138.0"
                    WIDTH="1606.0"
                    HEIGHT="58.0">
            <Shape><Polygon POINTS="114 2174 114 2196 1716 2186 1718 2166 1712 2138 112 2140 114 2174"/></Shape>
	    <String CONTENT="ſiol miſertalignorantia pacis timoris dei abiectio: hæc inquam peccata ſunt! quæ dicit"
                    HPOS="112.0"
                    VPOS="2138.0"
                    WIDTH="1606.0"
                    HEIGHT="58.0"
                    WC="0.9852928186571875"></String>
          </TextLine>
          <TextLine ID="line_45"
                    TAGREFS="LT8"
                    BASELINE="114 2218 1716 2210" 
                    HPOS="112.0"
                    VPOS="2182.0"
                    WIDTH="1604.0"
                    HEIGHT="58.0">
            <Shape><Polygon POINTS="114 2218 114 2240 1714 2240 1716 2210 1710 2182 112 2188 114 2218"/></Shape>
	    <String CONTENT="tam iudæis q̃ gentibus fuiſſe cõmunia. Qy igitur diuina eloquia iudæis ſunt credita q"
                    HPOS="112.0"
                    VPOS="2182.0"
                    WIDTH="1604.0"
                    HEIGHT="58.0"
                    WC="0.9873807049074839"></String>
          </TextLine>
          <TextLine ID="line_46"
                    TAGREFS="LT8"
                    BASELINE="116 2262 1718 2256" 
                    HPOS="114.0"
                    VPOS="2228.0"
                    WIDTH="1604.0"
                    HEIGHT="55.0">
            <Shape><Polygon POINTS="116 2262 116 2283 1716 2277 1718 2256 1712 2228 114 2232 116 2262"/></Shape>
	    <String CONTENT="primum eis annũciatum euangelium: non illa fuit iudæorum bonitas ſed dei erga eos"
                    HPOS="114.0"
                    VPOS="2228.0"
                    WIDTH="1604.0"
                    HEIGHT="55.0"
                    WC="0.9908852442735578"></String>
          </TextLine>
          <TextLine ID="line_47"
                    TAGREFS="LT8"
                    BASELINE="112 2307 1716 2299" 
                    HPOS="110.0"
                    VPOS="2271.0"
                    WIDTH="1606.0"
                    HEIGHT="58.0">
            <Shape><Polygon POINTS="112 2307 112 2329 1714 2319 1716 2299 1710 2271 110 2277 112 2307"/></Shape>
	    <String CONTENT="benignitas &amp; gratia. Ergo laus illa &amp; præcellentia deo debetur. Quo modo enĩ præ¬"
                    HPOS="110.0"
                    VPOS="2271.0"
                    WIDTH="1606.0"
                    HEIGHT="58.0"
                    WC="0.9826277610732288"></String>
          </TextLine>
          <TextLine ID="line_48"
                    TAGREFS="LT8"
                    BASELINE="108 2349 1714 2345" 
                    HPOS="106.0"
                    VPOS="2311.0"
                    WIDTH="1608.0"
                    HEIGHT="64.0">
            <Shape><Polygon POINTS="108 2349 108 2375 1712 2365 1714 2345 1708 2311 106 2317 108 2349"/></Shape>
	    <String CONTENT="cellerent: qui æque &amp; etiam magis (nam minus ex ignorantia) q̃ gentes delinquebãt?"
                    HPOS="106.0"
                    VPOS="2311.0"
                    WIDTH="1608.0"
                    HEIGHT="64.0"
                    WC="0.9959400619368955"></String>
          </TextLine>
          <TextLine ID="line_49"
                    TAGREFS="LT8"
                    BASELINE="108 2393 1720 2389" 
                    HPOS="106.0"
                    VPOS="2353.0"
                    WIDTH="1614.0"
                    HEIGHT="60.0">
            <Shape><Polygon POINTS="108 2393 108 2413 1718 2409 1720 2389 1714 2353 106 2359 108 2393"/></Shape>
	    <String CONTENT="Ꝙ ſi iuſtificabantur ex peccatis|per eorum ſacrificiai gentes autem non: hoc non erat"
                    HPOS="106.0"
                    VPOS="2353.0"
                    WIDTH="1614.0"
                    HEIGHT="60.0"></String>
          </TextLine>
          <TextLine ID="line_50"
                    TAGREFS="LT8"
                    BASELINE="100 2440 1720 2432" 
                    HPOS="98.0"
                    VPOS="2397.0"
                    WIDTH="1622.0"
                    HEIGHT="69.0">
            <Shape><Polygon POINTS="100 2440 100 2466 1718 2452 1720 2432 1714 2397 98 2407 100 2440"/></Shape>
	    <String CONTENT="bonitas eorum! ſed dei circa eos benignitatis præcellentia. Laus igitur hæc omnis &amp;"
                    HPOS="98.0"
                    VPOS="2397.0"
                    WIDTH="1622.0"
                    HEIGHT="69.0"
                    WC="0.9838547218276794"></String>
          </TextLine>
          <TextLine ID="line_51"
                    TAGREFS="LT8"
                    BASELINE="106 2484 1720 2476" 
                    HPOS="104.0"
                    VPOS="2446.0"
                    WIDTH="1616.0"
                    HEIGHT="62.0">
            <Shape><Polygon POINTS="106 2484 106 2508 1718 2496 1720 2476 1714 2446 104 2448 106 2484"/></Shape>
	    <String CONTENT="præcellentia in deum eſt referenda: non in iudæos. Ꝙ autem multum fuit iudæis ꝙ cir"
                    HPOS="104.0"
                    VPOS="2446.0"
                    WIDTH="1616.0"
                    HEIGHT="62.0"></String>
          </TextLine>
          <TextLine ID="line_52"
                    TAGREFS="LT8"
                    BASELINE="106 2526 1714 2518" 
                    HPOS="104.0"
                    VPOS="2490.0"
                    WIDTH="1610.0"
                    HEIGHT="60.0">
            <Shape><Polygon POINTS="106 2526 106 2550 1712 2544 1714 2518 1708 2490 104 2498 106 2526"/></Shape>
	    <String CONTENT="cunciſionem acceperint! &amp; præcipue ꝙ eis diuina credita fuerint eloquia: id multumi"
                    HPOS="104.0"
                    VPOS="2490.0"
                    WIDTH="1610.0"
                    HEIGHT="60.0"
                    WC="0.9907513332654194"></String>
          </TextLine>
          <TextLine ID="line_53"
                    TAGREFS="LT8"
                    BASELINE="106 2567 1098 2573 1720 2562" 
                    HPOS="104.0"
                    VPOS="2530.0"
                    WIDTH="1616.0"
                    HEIGHT="59.0">
            <Shape><Polygon POINTS="106 2567 106 2589 1718 2587 1720 2562 1714 2530 104 2532 106 2567"/></Shape>
	    <String CONTENT="idẽtidẽ deũ reſpicit/ ꝙ ille eos in pricipio præ alijs &amp; plus alijs honorauerit. Ergo laus"
                    HPOS="104.0"
                    VPOS="2530.0"
                    WIDTH="1616.0"
                    HEIGHT="59.0"></String>
          </TextLine>
          <TextLine ID="line_54"
                    TAGREFS="LT8"
                    BASELINE="100 2613 1722 2609" 
                    HPOS="98.0"
                    VPOS="2575.0"
                    WIDTH="1624.0"
                    HEIGHT="64.0">
            <Shape><Polygon POINTS="100 2613 100 2639 1720 2629 1722 2609 1718 2577 135 2575 132 2575 130 2575 98 2585 100 2613"/></Shape>
	    <String CONTENT="ea deo debetur: nõ ipſis. &amp; ea excellẽtia nõ ab ipſis: ſed a deo prouenit. &amp; quidquid in"
                    HPOS="98.0"
                    VPOS="2575.0"
                    WIDTH="1624.0"
                    HEIGHT="64.0"
                    WC="0.9841188401966304"></String>
          </TextLine>
          <TextLine ID="line_55"
                    TAGREFS="LT8"
                    BASELINE="102 2657 1722 2651" 
                    HPOS="100.0"
                    VPOS="2625.0"
                    WIDTH="1622.0"
                    HEIGHT="54.0">
            <Shape><Polygon POINTS="102 2657 102 2679 1720 2671 1722 2651 1716 2625 100 2625 102 2657"/></Shape>
	    <String CONTENT="eis excellẽs &amp; honorificũ: in illis honorandũi vt dei donũ. nichil eni habent vnde glo"
                    HPOS="100.0"
                    VPOS="2625.0"
                    WIDTH="1622.0"
                    HEIGHT="54.0"
                    WC="0.9901924226019118"></String>
          </TextLine>
          <TextLine ID="line_56"
                    TAGREFS="LT8"
                    BASELINE="104 2699 1724 2699" 
                    HPOS="104.0"
                    VPOS="2669.0"
                    WIDTH="1620.0"
                    HEIGHT="53.0">
            <Shape><Polygon POINTS="104 2699 104 2722 1722 2722 1724 2699 1720 2669 104 2669 104 2699"/></Shape>
	    <String CONTENT="riari poſſint:qd aliunde nõ acceperint! &amp; alterius non ſit. At dicent forſitan iudæi. Non"
                    HPOS="104.0"
                    VPOS="2669.0"
                    WIDTH="1620.0"
                    HEIGHT="53.0"
                    WC="0.9873484909534455"></String>
          </TextLine>
          <TextLine ID="line_57"
                    TAGREFS="LT8"
                    BASELINE="102 2744 1722 2744" 
                    HPOS="102.0"
                    VPOS="2713.0"
                    WIDTH="1620.0"
                    HEIGHT="53.0">
            <Shape><Polygon POINTS="102 2744 102 2766 1720 2766 1722 2744 1718 2713 102 2713 102 2744"/></Shape>
	    <String CONTENT="imus inficias gẽtiles ſub peccato fuiſſe! &amp; de eis teſtimoniũ pſalmi tertijdecimi verũ cẽ:"
                    HPOS="102.0"
                    VPOS="2713.0"
                    WIDTH="1620.0"
                    HEIGHT="53.0"
                    WC="0.9991809338965314"></String>
          </TextLine>
          <TextLine ID="line_58"
                    TAGREFS="LT8"
                    BASELINE="108 2784 620 2794 1724 2786" 
                    HPOS="106.0"
                    VPOS="2750.0"
                    WIDTH="1618.0"
                    HEIGHT="58.0">
            <Shape><Polygon POINTS="108 2784 108 2808 1724 2804 1724 2786 1718 2750 106 2750 108 2784"/></Shape>
	    <String CONTENT="at de nobis intelligendũ nõ putamus. Quib9 dicẽdũ eſt: ea q̃ in lege eorũ ſcripta ſunt!"
                    HPOS="106.0"
                    VPOS="2750.0"
                    WIDTH="1618.0"
                    HEIGHT="58.0"
                    WC="0.978660836815834"></String>
          </TextLine>
          <TextLine ID="line_59"
                    TAGREFS="LT8"
                    BASELINE="102 2832 1102 2838 1722 2828" 
                    HPOS="100.0"
                    VPOS="2794.0"
                    WIDTH="1622.0"
                    HEIGHT="83.0">
            <Shape><Polygon POINTS="102 2832 102 2866 286 2858 332 2866 382 2875 384 2877 495 2877 495 2875 497 2875 499 2875 515 2864 519 2862 542 2864 622 2875 624 2875 707 2864 749 2858 759 2862 779 2875 781 2875 783 2877 1005 2877 1005 2875 1007 2875 1041 2862 1045 2860 1071 2860 1213 2871 1215 2871 1217 2871 1219 2871 1231 2860 1235 2858 1313 2858 1321 2860 1378 2875 1380 2875 1382 2875 1384 2875 1412 2858 1416 2858 1720 2858 1722 2828 1716 2794 100 2800 102 2832"/></Shape>
	    <String CONTENT="&amp; legis ſermonẽ prio dirigi ad eos. ad alios aũt ſi dirigant: nõ id prio ſed ſecũdo loco."
                    HPOS="100.0"
                    VPOS="2794.0"
                    WIDTH="1622.0"
                    HEIGHT="83.0"
                    WC="0.9799268636652219"></String>
          </TextLine>
        </TextBlock>
        <TextBlock HPOS="61.0"
                   VPOS="1207.0"
                   WIDTH="72.0"
                   HEIGHT="72.0"
                   ID="eSc_textblock_f4ecb9a3"
                   TAGREFS="BT15">
          <Shape><Polygon POINTS="61 1207 61 1279 133 1279 133 1207"/></Shape>
          <TextLine ID="eSc_line_ba99c511"
                    TAGREFS="LT8"
                    BASELINE="80 1270 95 1270 121 1270" 
                    HPOS="78.0"
                    VPOS="1211.0"
                    WIDTH="42.0"
                    HEIGHT="81.0">
            <Shape><Polygon POINTS="108 1211 78 1211 78 1268 78 1292 105 1289 108 1283 120 1283 120 1268 120 1241 108 1211"/></Shape>
	    <String CONTENT="23"
                    HPOS="78.0"
                    VPOS="1211.0"
                    WIDTH="42.0"
                    HEIGHT="81.0"></String>
          </TextLine>
        </TextBlock>
        <TextBlock HPOS="57.0"
                   VPOS="1598.0"
                   WIDTH="72.0"
                   HEIGHT="68.0"
                   ID="eSc_textblock_ed180d62"
                   TAGREFS="BT15">
          <Shape><Polygon POINTS="57 1598 57 1666 129 1666 129 1598"/></Shape>
          <TextLine ID="eSc_line_f020ff04"
                    TAGREFS="LT8"
                    BASELINE="67 1660 70 1660 82 1660 117 1660" 
                    HPOS="66.0"
                    VPOS="1600.0"
                    WIDTH="48.0"
                    HEIGHT="88.0">
            <Shape><Polygon POINTS="66 1600 66 1657 66 1688 93 1682 96 1676 114 1676 114 1657 114 1606 81 1600 66 1600"/></Shape>
	    <String CONTENT="24"
                    HPOS="66.0"
                    VPOS="1600.0"
                    WIDTH="48.0"
                    HEIGHT="88.0"></String>
          </TextLine>
        </TextBlock>
        <TextBlock HPOS="1514.0"
                   VPOS="2848.0"
                   WIDTH="129.0"
                   HEIGHT="73.0"
                   ID="block_0"
                   TAGREFS="BT17">
          <Shape><Polygon POINTS="1643 2848 1643 2921 1514 2921 1514 2848"/></Shape>
          <TextLine ID="line_60"
                    TAGREFS="LT8"
                    BASELINE="1517 2889 1638 2889" 
                    HPOS="1517.0"
                    VPOS="2846.0"
                    WIDTH="121.0"
                    HEIGHT="83.0">
            <Shape><Polygon POINTS="1517 2889 1517 2909 1579 2929 1581 2929 1583 2929 1585 2929 1638 2913 1638 2889 1638 2846 1517 2846 1517 2889"/></Shape>
	    <String CONTENT="k. ij."
                    HPOS="1517.0"
                    VPOS="2846.0"
                    WIDTH="121.0"
                    HEIGHT="83.0"
                    WC="0.9778545002142588"></String>
          </TextLine>
        </TextBlock>
      </PrintSpace>
    </Page>
  </Layout>
</alto>
