2214 3610
1097.0 128.0 203.0 84.0 COM.

564.0 180.0 1593.0 86.0 clamat. Iuſtus es domine: & rectum iudicium tuum. tu reddis vnicui iuxta opera ſua.

566.0 254.0 1593.0 56.0 Et quæ reddit vnicui ſiue bono ſiue malo. expreſſit Paulus. Nam boni erit gloria ho¬

566.0 298.0 1585.0 56.0 nor & ĩmortalitas & pacis indeficiens ſecuritas: mali vero ex oppoſitol erit confuſio!

564.0 344.0 1591.0 59.0 ignominia mors æterna & indeficiens flagellum. Et magna boni operandil & mali fu¬

570.0 395.0 1577.0 54.0 giendi debet nobis eſſe auiditas: cum quicun bonum operanturi ſiue legem habeant!

541.0 479.0 1608.0 60.0 ˒ exitium inueniant interitum fempiternũ. Quod ſubdit Paulus dicens. ¶Quicun

572 430 1578 69 liue non: mercede ſui operis nõ carcãt apud deum. & cõtrai ſi malũ operantur: omnes

541.0 525.0 1606.0 52.0 ˒ enim ſine lege peccauerunt: ſine lege & peribunt. & quicun cum lege peccauerunt:

539.0 563.0 1610.0 66.0 ˒ per legem iudicabuntur. Non enim auditores legis iuſti ſunt apud deum: ſed factores

543.0 605.0 1604.0 66.0 ˒ legis iuſtificabũtur. ¶ De lege ſcripta:hęc intellige. Sed quomodo qui legẽ nõ habẽt:

566.0 659.0 1583.0 52.0 factores legis erunt: Ex eo ſane: ꝙ quicun rationis vſus ſunt capaces inſcriptam ha¬

566.0 699.0 1583.0 57.0 bent in cordibus ſuis legem naturæ. Quid enim aliud eſt ſcripta lex decalogum præ¬

566.0 748.0 1587.0 54.0 ceptorum continens: niſi legis naturæ expreſſio? Quod ex ijs quæ ſubdit Paulus etiam

566.0 790.0 1585.0 56.0 facile intelliges. Verumn id prius attendamus ꝙ cum dicit Paulus. non enim auditores

566.0 828.0 1583.0 64.0 legis iuſti ſunt apud deumi ſed factores legis iuſtificabuntur: non intelligendum quẽq̃

568.0 882.0 1587.0 50.0 ex operibus iuſtificari poſſe, ne enim dicit Paulus factores legis iuſtificãturi ſed iuſti¬

566.0 926.0 1587.0 56.0 ficabuntur. nõ enim opera iuſtificant quẽq̃: ſed opera ſi bona ſunti pręparant ad dei iu¬

566.0 962.0 1583.0 62.0 ſtificationẽ ſuſcipiendam. vt enĩ a ſole illuminatio: ſic a deo iuſtificatiol glorificati o¬

564.0 1004.0 1589.0 66.0 immortalitas! & Chriſtiformitas. Et vt reuelatio pupillę non eſt ſolis illuminatiorſed

564.0 1058.0 1587.0 53.0 ſolum quæ dam præparatio ad illuminationem! & ad quandam oculi ſoliformitatem:

564.0 1101.0 1585.0 56.0 ita bonorum operatio non eſt iuſtificatio ſed pręparatio ad diuinam iuſtificationem

566.0 1143.0 1583.0 62.0 & diuiniformitatem. Et quemadmodum ſi quis non reuelat pupillam a ſole nõ illumi¬

566.0 1183.0 1581.0 64.0 natur: hũc in modum ſi quis bona non operatur! a deo nõ iuſtificabitur. non ꝙ hic iu¬

566.0 1235.0 1583.0 56.0 ſtificationis defectus a deo pendeat: ſed a nobis cum aduerſis tum impreparatis ad di¬

566.0 1279.0 1583.0 52.0 uinam iuſtificationẽ ſuſcipiendam. Si quis enim ſponte a ſole ſe auertit & oculos clau¬

566.0 1323.0 1581.0 54.0 dit ne ſolis illuminationem ſpectet: hic illuminationis defectus non a ſole ſed ab eo

566.0 1365.0 1579.0 54.0 qui ſe auertit. & reddidit incapacem procedit. quid enim ſol aliud vult q̃ illumnare?

568.0 1407.0 1581.0 59.0 Et deus quid nam aliud q̃ iuſtificare: cum ipſe nulla proportione magis iuſtus ſit q̃ ſol

566.0 1460.0 1579.0 52.0 lucidus? eſt enim ipſa per ſe iuſtitia. Verũ & operum iuſtitia eſt & qui adimplet ea quæ

568.0 1494.0 1581.0 60.0 deus mandat iuſtus eſt: ſed hæc iuſtitia (vt & ea de qua loquũtur philoſophi) non eſt

568.0 1548.0 1577.0 50.0 niſi quædam eius (de qua lequitur Paulus) diuinæ iuſtitiæ perexilis vmbra. Et ex op¬

568.0 1592.0 1581.0 56.0 poſito etiam opera mala nullos faciũt extreme miſeros: ſed præparant ad extremam

564.0 1628.0 1587.0 62.0 exteriorũ tenebrarũ miſeriã, vbi eſt ſtridor dẽtiũ! horror! luctus horrendę dęmonũ lar¬

572.0 1680.0 1579.0 52.0 uæ ac deformitas & flammarum depaſtio. tum enim primum nouit diuẽs ille quæ ex¬

568.0 1716.0 1583.0 60.0 trema eſſet miſeria: cum clamabat ! Pater Abraham miſerere mei & mitte Lazarum

575.0 1759.0 1575.0 67.0 15 vt intingat extremũ digiti ſui i aquã vt refrigerer linguam meam. quia crucior in hac

545.0 1815.0 1606.0 56.0 ˒ flamma. Sed nunc ad Paulum. Subdit enim Paulus. ¶Cum enim gentes quæ legem

541.0 1855.0 1608.0 60.0 ˒ non habent! natura ea quæ legis ſunt faciãt: ipſæ legeni nõ habentes ſibiipſis ſunt lex.

543.0 1903.0 1602.0 54.0 ˒ quæ oſtendunt opus legis ſcriptum in cordibus ſuis! teſtimonium reddente cõſcien¬

547.0 1947.0 1600.0 58.0 ˒ tia earum| & cogitationibus inter ſe inuicem accuſantibus aut etiam defendẽtibus in

551.0 1983.0 1596.0 64.0 ˒ diem dum iudicabit deus occulta hominũ! ſecundum euãgelium meũ per IHESVM

554.0 2027.0 1597.0 62.0 ˒ CHRISTVM. ( Ecce quomodo quibus lex tradita nõ eſt: ex mentis rectitudine opus

564.0 2079.0 1585.0 50.0 legis ſcriptum habent in cordibus ſuis, quod & ex teſtimonio conſcientię cognoſcitur|

566.0 2125.0 1585.0 53.0 & ex tacitis cogitationibus ſe inter ſe aut accuſantibus aut defendẽtibus. & id quidem

566.0 2161.0 1587.0 57.0 vſ ad diem iudicij. accuſantibus quidem ſi malum aliquod perpetratur: vt ſi parẽtes

566.0 2210.0 1587.0 58.0 inhonorãturlſi cõmiſſum adulteriumi ſi homicidium! ſi falſum teſtimoniũi teſtãte pro¬

566.0 2248.0 1587.0 66.0 pria conſcientia id eſſe malum. defendentibus etiam ſi perpetratum eſt bonum: vt iub¬

568.0 2294.0 1585.0 58.0 uentio parentũ & vicinorũ & abſtinẽtia a re qualibet aliena. In defenſione: ſecuritas ẽ

566.0 2336.0 1585.0 60.0 & letitia. i accuſatione:iſecuritas & triſtitia. Ergo vt ſẽper ſecuri & lęti ſimus: ſẽper agẽ

566.0 2380.0 1587.0 62.0 dũ bonũ. Sed inquiet fortaſſe quiſpiã. Paulus inquit! gloria autẽ & honor & pax omni

566.0 2434.0 1585.0 52.0 operãti bonum! ludæo primũ & græco id eſt gẽtili. Et rurſus. Cũ eni gentes q̃ legẽ nõ

566.0 2474.0 1583.0 59.0 habent naturaliter ea quæ legis ſunt faciant: ipſę legem nõ habentes ſibiipſis ſunt lex.

564.0 2518.0 1585.0 61.0 quæ oſtendunt opus legis ſcriptum in cordibus ſuis. Et cum omni genti ex ipſa cõdi¬

564.0 2565.0 1585.0 60.0 tione mundil ipſo ornatu & magnidecentia & diuina poteſtas & diuinitas conſpecta

564.0 2601.0 1583.0 68.0 ſit: putãdum ne igitur eſt his etiam temporibus aliquos abſ tradita legel ſaluari poſ¬

566.0 2655.0 1579.0 60.0 ſe Et ſi ſecreta dei iudicia ſoli deo ſint relinquẽda: reſpondeat tamen forſitan quiſpiã.

564.0 2699.0 1581.0 58.0 Si putamus quaſdam ignoti orbis regiones ad quas nõdum euãgelium perlatum ſitt

564.0 2739.0 1587.0 56.0 nõdum auditum! vbi habitatores naturali lege deum diligant! ex operum magnificẽ¬

566.0 2781.0 1585.0 109.0 tia iam cognitumſ& proximos vt ſuos cõſimiles parentes officioſe colant iniuſtinas

515 421 39 84 14

509 1741 45 112 15

365.0 88.0 46.0 76.0 2
