2226 3615
538.0 303.0 1609.0 58.0 * innuit Paulus dicens. ¶ Scimus autem ꝙ quæcun lex loquitur: ijs qui ſub lege ſuntt

561 265 1592 63 25 hic autemi legis eorum fermo eſt. ad eos igitur dirigitur: & etiam primo loco. Quod

546.0 351.0 1609.0 52.0 „ loquitur, vt omne os obſtruatur: & obnoxius ſit omnis mundus deo. quia ex operi¬

540.0 395.0 1613.0 52.0 bus legis nõ iuſtificabitur omnis caro corã eo. per legem enim: cognitio peccati. LOb¬

566.0 441.0 1587.0 51.0 ſtruatur omne os. nullus: ne iudæus, ne gentilis glorietur |ex ſe & ſuis operibus fu¬

562.0 482.0 1585.0 54.0 iſſe iuſtificatum. Nam nullus eorum ex operibus legis ne hi naturæi ne illi ſcriptæ:

560.0 530.0 1591.0 52.0 iuſtificati fuerunt. ſed per dei & gratiam & miſericordiã iuſtificantur! & gentiles & iu¬

560.0 572.0 1593.0 54.0 dæi. vt omnis mundus deo ſit obnoxius debitor! & obſtrictus. & non ſibi: ſed deo tribu¬

560.0 614.0 1589.0 56.0 at ſuæ iuſtificationis honorem. adiuuantibus enim operibus legis! homo ſe præparat:

560.0 662.0 1591.0 52.0 deus autem iuſtificationis eſt author. Opera enim legis: & iudæis! & gentibus cõmu¬

558.0 706.0 1593.0 57.0 nia ſunt. ſed gentes illa ſolum in corde ſcripta habebant: iudæi etiam in tabulis legi¬

560.0 749.0 1591.0 56.0 ſibi a deo tradita. vt ne gentes ne iudæi ea tranſgredientes: excuſationem præten¬

560.0 789.0 1589.0 58.0 dere valcrent. Verum lõge minus iudæi. magis enim cognoſcebant: quæ peccata erãt.

560.0 835.0 1593.0 58.0 Nam ettã per legẽ ſcriptã. per legem eni cognitio peccati: haud ſecus ac per præcepta

562.0 885.0 1587.0 58.0 medicilcognitio agginentiũ morbum. Et cum omnes in operibus illis! tam iudæi q̃ gẽ¬

562.0 929.0 1589.0 57.0 tiles ante deum inueniantur rei: nequaq̃ iuſtificabitur ex operibus legis in conſpectu

566.0 970.0 1587.0 60.0 eius omnis caro. Sed eſto inquies: quiſpiã opera legis per vitã cuſtodierit. Ex illis quidẽ

566.0 1020.0 1587.0 56.0 operibus iuſtus erit: ſed legali iuſtitia. legali dico: aut legis naturæl aut ſcriptæ. Sed e¬

566 1056 1583 58 hoc nondum iuſti ficatus! nondum iuſtitiam habens: ex qua vitam habere poſſit æter¬

564.0 1102.0 1585.0 60.0 nam. ſolus enim deus eſt qui hanc iuſtitiam per fidem tradit: qui ſola gratia ad vitam

564.0 1144.0 1583.0 63.0 iuſtificat æternam. Iuſtitia illa: legis dicitur. hæc: fidei. illa: operum. hæc: gratiæ. illa: hu

564.0 1188.0 1581.0 59.0 mana eſt. hæc: diuina. illius: homo. huius: deus author eſt. Illa: ad terrena & trãſitoria,

564.0 1227.0 1581.0 66.0 hæc:ad diuina & æterna iuſtificat bona. Illa: preparat. hæc: cõſumat. ergo illa: via. hęc

568.0 1281.0 1579.0 56.0 finis. illa: vmbratile veſtigium at ſignum. hæc:lux! & veritas, illa facit cognoſcere

572.0 1321.0 1571.0 60.0 peccatum: ad ipſum mortem fugiendam. hæci gratiam: ad illam vitam proſequen¬

572.0 1369.0 1575.0 62.0 dam. Studeamus igitur illam habere: ſed præcipue ad hanc ſuſpiremus. de hac (& ſi de

574.0 1415.0 1569.0 55.0 vtra) præcipue ſacri loquũtur authores, de illa etiam philoſophi. hancl pauci: illami

570 1449 1574 69 26 multi cognoſcunt & attendũt. Et in Paulol cum iuſtitiam & iuſtificationem audis: hãc

570.0 1494.0 1575.0 66.0 præſertim intellige. De qua & ipſe ſubdit. ¶ Nunc autem iuſtitia dei ſine lege manife¬

560.0 1538.0 1585.0 68.0 ſtata eſt teſtificata a lege & prophetis. iuſtitia autem deil per fidem IHESVCHRI¬

560.0 1580.0 1587.0 68.0 STI:in omnes & ſuper omnes qui credunt. non enim eſt diſtinctio. ¶ Nunc autem:id

574.0 1626.0 1573.0 65.0 intelligitur poſt Chriſti aduentumi annũciato Chriſto. Et hęc iuſtitia dei: in lege te¬

572.0 1672.0 1575.0 67.0 ſtificata eſt. Nam iuſtitia dei: iuſtitia fidei eſt. de qua teſtimonium habemus in geneſi.

572.0 1721.0 1573.0 64.0 credidit inquit Abrahã deo: & reputatum eſt illi ad iuſtitiam. Teſtificata & in prophe¬

570.0 1767.0 1573.0 60.0 tis. vt id Eſaiæ! ſecundum ſeptuaginta ęditionem. Ecce pono in Sion lapidem ſummũ¬

568.0 1811.0 1575.0 62.0 angularem probatum electum! precioſum. & qui crediderit in eumi non confundetur.

570.0 1853.0 1571.0 68.0 Et ad hanc iuſtitiam & iuſtificationem fidei: nichil refert iudæus ne ſit an gentilis gre

574.0 1899.0 1569.0 61.0 cus!an barbarus. & hoc ex ſola dei miſericordia volentis omnes homines ſaluos fieri:

574.0 1938.0 1571.0 70.0 & ad agnitioncm venire veritatis. & ſoli deo gloriam tribuere debent. Nam ex ſe &

582 1979 1562 78 27 ſuis operibus ſaluari nõ poſſunt: ex quibus etiam frequentius damnationẽ merentur q̃

566.0 2030.0 1581.0 74.0 ſalutem. Or & hoc pacto aperit Paulus. ¶Omnes enim peccaueruut! & egent gloria

558.0 2066.0 1583.0 72.0 dei: iuſtificati gratis per gratiam ipſius! per redemptionẽ quæ eſt in CHRISTO IHE¬

562.0 2114.0 1585.0 71.0 SV. quem præpoſuit deus propiciatorium per fidem in ſanguine ipſius, ad oſtenſionẽ

552.0 2160.0 1593.0 77.0 iuſtitiæ ſuæl propter remiſſionem præcedentium peccatorum in ſufferentia dei ad oſtẽ¬

554.0 2205.0 1595.0 76.0 ſionem iuſtitiæ ſuæ in hoc tempore. vt ſit ipſe iuſtus! & iuſtificans eum: qui eſt ex fide

560.0 2247.0 1587.0 74.0 IHESV. ¶At quid eſt hoct quem præpoſuit deus propiciatorium per fidem: niſi quem

568.0 2297.0 1583.0 66.0 ante ſe poſuit deus placationem & pacem inter fe & peccatores! Ipſe enim eſt pax no¬

566.0 2343.0 1583.0 64.0 ſtra: vt nobis habentibus fidem redemptionis per ſanguinem eius! iuſtitiam ſuami fi¬

566.0 2385.0 1585.0 73.0 dei ſcilicet & gratiæ oſtendat dimittendo nobis peccata noſtral quæ ante fidem admi¬

564.0 2430.0 1587.0 68.0 ſimus. quinimo & ſi fidem habentes malo errore delinquimus: non dimittũtur pecca¬

564.0 2474.0 1587.0 68.0 tal niſi illo propiciatorio ante deum pro nobis poſito! & intercedẽte pro uobis ſangui¬

562.0 2516.0 1587.0 70.0 ne redemptionis |in ligneo altarilin magno ſacrificio fuſo. hæc oinnia nobis gratis do

562.0 2562.0 1585.0 76.0 nantur: ipſe vcro torcular calcauit ſolus. Et ſicut dicit Eſaias. ipſe languores noſtros

564.0 2606.0 1583.0 69.0 tulit: & dolores noſtros ipſe portauit. poſuit dominus in eo iniquitateni omnium no¬

566.0 2646.0 1583.0 75.0 ſtrũ. diſciplina pacis noſtræ ſuper eũ: & liuore eius ſanati ſumus. Et quis eſt peccator ſi

568.0 2693.0 1581.0 74.0 ſe cõuertit ad tãtã dei benignitatẽ cogitãdã & ex corde inuocãdã:ꝗ tãto mediatore nõ

568.0 2737.0 1583.0 72.0 cõſequatur veniã? Et cũ dicit apoſtolus, iuſtificãs eum qui ex fide eſt Iheſu:oſtẽdit hãc

568.0 2773.0 1585.0 112.0 iuſtitiam & iuſtificationẽ a deo eſſe! & non ab houunibus. quare nullus in ſe & in ſui¬

1235 162 205 101 COM.
