2203 3645
1749.0 109.0 91.0 87.0 Ro.

830.0 145.0 45.0 79.0 I

1495.0 154.0 57.0 76.0 71

40.0 192.0 1599.0 99.0 Ve faciant quæ nõ conueniunt: repletos omni iniquitate lmalicia fornicatione. ¶Cum

48.0 277.0 1593.0 63.0 vetus interpres mutaret infinitiuum facere in ſubiunctiuũ vt faciant: conſequens erat

48.0 315.0 1587.0 61.0 vt accuſatiuos ſequẽtes repletos plenos odibiles! & reliquos mutaſſet in rectos ad re¬

48.0 366.0 1591.0 61.0 cte locutionis normam. iccirco æquius nobis viſum eſt: vt infinitiuum mutaremus in

54.0 411.0 1583.0 58.0 gerundium faciendi quod a natura infinitiui non deſciſcit! aptiore loquẽdi ſeruata for¬

50.0 455.0 1581.0 59.0 ma. & in Paulo maliciæ nomen ſequitur fornicationis nomen. Paulus. τroεῖμ τὰ μù

52.0 502.0 1579.0 56.0 κατή Κομτα, τετληρωμέμους ττάση AιRία, ιropuρια. ¶ Vulgata æditio.

34.0 538.0 1607.0 65.0 ˒ Qui cum iuſtitiam dei cognouiſſent: non intellexerunt quoniam qui talia agunt digni

34.0 589.0 1595.0 54.0 ˒ ſunt morte! non ſolum qui ea faciunt! ſed qui conſentiunt facientibus. ¶ Hic vetus in¬

50.0 633.0 1575.0 57.0 terpres ſententiam Pauli mutauit. & quod Paulus affirmat: ille quodam modo negat.

50.0 676.0 1571.0 65.0 Nam Paulus habet qui iuſtitiam dei cognoſcentes ꝓ qui talia agunt digni ſunt mor¬

48.0 714.0 1579.0 69.0 te: non ſolum hæc faciunt ſed & conſentiunt agentibus. videre igitur promptũ eſt hãc

50.0 767.0 1577.0 61.0 negationem non intellexerunt: in vulgata æditione adiectitiã. Nam Paulus in priori

54.0 810.0 1573.0 58.0 illa particula: nichil negat ſed affirmat. Sed quo modo iuſtitiam dei cognoſcentes: nõ

52.0 852.0 1571.0 57.0 intellexerunt q qui talia agunt digni ſunt morte? pugnat profecto iuſtitiã dei cogno¬

52.0 897.0 1575.0 60.0 ſcere: & hoc ipſum non intelligere. quid enim iuſtitiam dei cognoſcere: niſi legem dei

50.0 937.0 1575.0 61.0 talia vetantem aut ſcriptam! aut cordibus noſtris inſculptam intelligere? Et in hac par

52.0 982.0 1573.0 66.0 ticula non ſolum qui ea faciunt ſed qui conſentiunt facientibus: pronomen indefinitũ

54.0 1028.0 1569.0 65.0 qui bis ſuperfluũ ẽ. Indefinit enim vetus interpres: quod Paulus definit. id eſt dicit in¬

50.0 1073.0 1575.0 65.0 definite: quod Paulus definite. At quis hæc Hieronymo tribuat! Quare hæc tota litera

50.0 1121.0 1575.0 59.0 triplici obelo eſt confodienda. Paulus. οιτιμεσ λικαίωμα τοῦ θεοῦ ἐττιrρόμτες ότι

50.0 1160.0 1573.0 63.0 õι τα τοιαῦτα τράοςομτεσ ἀθιοι θαράτου έἰσίμ, ὀυ μόμομ ἀυτὰ τοιοὐσιν, ἀλ

52.0 1212.0 1569.0 59.0 λὰ και συμευλοκουσι τοῖσ πτράω ουσι. At nunc ad reliqua tranſeamus. Cap. Il.

88.0 1473.0 231.0 152.0 S

372.0 1255.0 1251.0 59.0 Vnt qui iuſtitiam dei agnoſcentes ꝙ qui indecentia quę ſupra nomi¬

366.0 1302.0 1255.0 52.0 nata ſunt agũt digni ſũt morte: & nichilominus ea agũt & cõſentiũt

366.0 1340.0 1255.0 65.0 agẽtibus. & ipſi ſũt iexcuſabiles. Sed dices. Si qui ea agũt attamẽ nõ

366.0 1387.0 1249.0 58.0 cõſentiũt agẽtibus ſed iudicãt accuſãt & rep̃hendũt: nũquid ij excu¬

366.0 1425.0 1253.0 67.0 ſabiles erũt? Minime. Sed in quo alios iudicãt dignos morte: ſe ipſos

366.0 1478.0 1253.0 61.0 ſimili ratione cõdẽnãt ſimilis ſupplicij reos vt ꝗ eadẽ & ſimilia agãt

370.0 1522.0 1249.0 63.0 ijs quos iudicãt. De qbus dicit Paulus. ¶Propter qd inexcuſabilis es

364.0 1565.0 1247.0 57.0 O homo: qcũ es ꝗ iudicas. in quo eni iudicas aliũ: te ipſũ cõdẽnas.

44.0 1601.0 1575.0 69.0 eadẽ eni agis qui iudicas. ¶ Hic eni ratio a ſimili cõuincit eos eſſe inexcuſabiles. Sed

54.0 1648.0 1563.0 65.0 & ſyllogiſmo colligere eos inexcuſabiles eſſe: nõ eſt difficile. Nã ſcimus in oẽs qui talia

58.0 1694.0 1559.0 59.0 agunt verũ dei iudiciũ eſſe iuſtã mortis condẽnationem. ipſi autẽ talia agunt. iuſte

60.0 1739.0 1557.0 59.0 ita condemnantur in mortem. non igitur excuſabiles. Quod & ex Paulo intelligis id

58.0 1784.0 1557.0 62.0 ſubiungente. ¶ Scimus autem ꝙ iudicium dei eſt ſecundum veritatem in eos qui talia

36.0 1865.0 1577.0 63.0 fugies iudiciũ dei? (PRecte ſubauditur & colligitur non effugies. Sed forte dices. Deus

39.0 1910.0 1577.0 76.0 tolerat & non me punit. At ex hoc non ſequitur: ergo effugies. verum potius ꝙ ex hoc

58.0 1964.0 1555.0 58.0 grauius punieris:niſi reſipiſcas. Nam ꝙ deus tolerat! ꝙ te non puuitiſed punitionem

56.0 2000.0 1561.0 67.0 differt & expectat: ſiguum eſt ineffabilis benignitatis eius quæ te perdere non vult ſed

54.0 2053.0 1559.0 55.0 ſaluare & ad pœnitentiam adducere. tu yero diuitias beniguitatis dei coutẽnis, neſcis

56.0 2093.0 1559.0 63.0 enim (quod & ipſa confitetur gentilitas) ꝙ lento gradu ad vindictam diuina procedit

56.0 2136.0 1557.0 63.0 ira: ſed vindictæ tarditatẽ ſupplieij grauitate compenfat. Qr ſi gentilem floccipendis:

66.0 2177.0 1550.0 70.0 audi ſaltem dei apoſtolum dicentem. ¶An diuitias benignitatis eius & tolerantie &

32.0 2229.0 1581.0 63.0 ˒ longanimitatis contẽnis: ignorans ꝙ benignitas dei ad pœnitentiam te adducit? ſe¬

34.0 2274.0 1579.0 60.0 ˒ cundũ duritiam tuam & impœnitens cor: theſaurizas tibi ipſi iram in die iræ & reue¬

34.0 2314.0 1581.0 65.0 ˒ lationis | & iuſti iudicij dei. qui reddet vnicui ſecũdum opera eius. iis quidem qui per

36.0 2363.0 1581.0 58.0 ˒ patientiam boni operis quęrunt vitam æternam: gloriam & honorem & incorruptibi¬

32.0 2407.0 1587.0 57.0 ˒ litatem. illis vero qui ex contẽtione ſunt! & qui ſuiit increduli veritati| creduli autem

32.0 2452.0 1583.0 54.0 ˒ iniuſtitię: furor erit & ira. preſſura erit & anguſtia ſuper omnem animam hominis ope¬

36.0 2492.0 1581.0 59.0 ˒ rantis malum! Iudæi primum & gentilis. gloria autem & honor & pax omni operanti

34.0 2539.0 1581.0 63.0 ˒ bonum| ludæo primũ & gentili. non eſt enim perſonarum reſpectus apud deũ. ¶Dies

54.0 2577.0 1567.0 61.0 iræ & reuelationis & iuſti iudicij dei: eſt dies iudicijtin qua omnes aſtabunt tribunali

54.0 2624.0 1559.0 63.0 Chriſti. de qua Sophonias propheta. Dies iræ dies illa dies tribulationis & anguſtiæ!

54.0 2673.0 1563.0 54.0 dies calanutatis & miſeriæ dies tenebrarum & caliginis! dies nebulæ & turbinis! dies

54.0 2707.0 1565.0 67.0 tubæ & clangoris ſuper ciuitates munitas & ſuper angelos excelſos. Ecce dies iræ. Sed

54.0 2760.0 1569.0 60.0 eadem dicitur dies reuelationis. quia omnia nuda & aperta erunt, iudicium (inquit

50.0 2798.0 1573.0 81.0 Daniel) ſedit & libri aperti ſunt. Eadem dicitur dies iuſti iudicij dei. Nam & propheta

36.0 1822.0 1580.0 67.0 agunt. putas vero hoc O homo qui iudicas eos qui talia agunti & eadem agis:ꝓ tu ef¬

27.0 1467.0 30.0 76.0 11

12.0 1728.0 39.0 133.0 12

24.0 2183.0 24.0 67.0 13

1680.0 2077.0 462.0 116.0 Vindictu lex & deus

1698.0 2170.0 448.0 112.0 semper plusque grauitate

1746.0 2251.0 278.0 118.0 compenſat
