2255 3654
148 229 1574 83 COMMENTARIORVM IN EPISTOLAS BEATISS. PAVLI APOSTOLI

99 298 1621 63 LIBER PRIMVS QVI EST IN EPISTOLAM AD RHOMANOS. CAP. I

845 347 875 65 AVLVS deo dignus apoſtolus i capite epiſto¬

851 393 867 61 læ ſuæ ad Rhomanos: ſanctam præmittit ſalu¬

849 440 871 61 tationem! nouem complectentem. Nomẽ ſuum

851 475 869 69 primo loco ponit: vt fieri ſolet. ſe dicit ſeruum

853 527 865 55 eſſe Iheſu Chriſti. vocatum apoſtolũ, ſegregatũ

851 574 865 57 in euangelium dei. deum ante promiſiſſe euã¬

853 611 865 64 gelium per prophetas in ſcripturis ſanctis de fi

853 669 859 47 lio ſuo. filium dei incarnatũ de ſemine Dauid.

853 696 859 67 dominũ noſtrũ Iheſum Chriſtum definitum!

851 747 863 58 declaratũq; filium dei poteſtatel ſpiritu ſanctol

851 789 867 67 & ex reſurrectione a mortuis. ſe gratiam acce¬

851 830 871 65 piſſe a domino noſtro Iheſu Chriſto filio dei &

851 883 873 62 legationem pro nomine eius ad inducendam

851 923 869 65 obedientiam fidei in gentibus. nono ſalutatio¬

851 972 871 55 nem complet. Salutat igitur hoc pacto. ¶ Pau¬

834 1010 886 69 l lus ſeruus IHESVCHRISTI! vocatus apo¬

79 1061 1643 55 * ſtolus ſegregatus in euangelium dei quod aute promiſerat per prophetas ſuos in ſcri¬

81 1100 1641 61 » pturis ſanctis de filio ſuo! facto ex ſemine Dauid ſecundũ carnem! definito filio deilin

83 1144 1637 63 » poteſtate per ſpiritum ſanctitatis ex reſurrectione a mortuis! IHESV CHRISTO do¬

83 1185 1639 69 , mino noſtro per quem accepimus gratiã & apoſtolatum pro nomine eius! ad obedien

81 1236 1637 65 ,tiam fidei in omnibus gentibus|in quibus eſtis & vos vocati IHESVCHRISTI:om¬

85 1282 1629 57 » nib9 qui eſtis Romæl dilectis deil vocatis ſãctis! gratia vobis & pax a deo patre noſtrol

85 1317 1633 69 . & domino IHESV CHRISTO. ¶ Quod perinde eſt ac ſi verbum dicit intelligatur

113 1366 1605 67 ac dicatur. Paulus inquam ſeruus Iheſu Chriſti vocatus apoſtolus dicit: gratia & pax a

119 1414 1599 61 deo patre noſtro & domino noſtro Iheſu Chriſto ſit vobis omnibus Romę exiſtẽtibus!

121 1457 1601 67 dilectis deit & ad ſãctitatẽ vocatis. Sed age paucula ex illis nouẽ quæ in hac ſalutatione

121 1500 1599 71 continentur diſſerãtur. Primũ de nominẽ Pauli. Paulũ binomiũ fuiſſe ſenſit Origenes.

119 1546 1599 65 & quia Hebræus erat: nomen hebræũ habuiſſe Saulũ. quia vero ciuis Romanus etiam

121 1583 1597 71 natus! nomen Romanũ illi primo & hebræo ſatis vicinũ habuiſſe Paulũ. vt & de Ioã¬

121 1634 1595 65 ne Marco euenit. imo de vtriſ in actis apoſtolorũ legitur. ſunt enim Ioannes & Sau¬

121 1672 1589 71 lus hebræa: Marcus vero & Paulus gentilitia. vt Marcus Regulus! Marcus Antonius!

123 1719 1595 69 Paulus Emilius! Paulus Sergius. Sic enim in actis habet Lucas. Aſſumpto inquit

123 1764 1597 75 Ioanne qui cognominatus eſt Marcus. Et rurſum. Saulus autẽ qui & Paulus: repletus

121 1814 1597 63 ſpiritu ſancto intuens in eũ dixit. Igitur cũ Paulus apoſtolũ ſe cognoſceret eſſe gentiũ:

123 1853 1597 69 ad eas ſcribens recte nomen gẽtile præponit. & Paulũ ſe nominat qui etiã nominaba¬

123 1902 1597 67 tur Saulus. ¶ Sed ſe dicit ſeruũ Iheſu Chriſti. At qua in ſignificatione ſumitur hic ſer¬

127 1948 1591 65 uus? Arbitror prope modũ in ea qua vtũtur philoſophi. Ne eni Paulus philoſophiæ

125 1989 1597 71 aut cuiuſuis humanę́ diſciplinæ expers fuiſſe videtur aut ignarus. verũ in diuina: ſpiri¬

125 2027 1593 76 tus ſanctus eum cunctis fecit eminẽtiorẽ. In ſacris enĩ eloquijs ille eſt Beniamin ado¬

125 2072 1595 81 Ieſcentulus in mentis exceſſu. Philoſophi autẽ eum hominem vocare ſolent ſeruñ: qui

127 2117 1599 71 nõ ſuus ſed omnino alterius ſit qui non ſibi viuit! nõ ſibi operatur nõ ſibi generati ſed

127 2170 1599 71 domino. Ita cũ omniũ hominũ liberrim9 Paulus! ſe ſeruũ domini noſtri Iheſu Chri¬

130 2206 1596 73 ſti dicit: teſtatur ſe non eſſe ſuum! ſed omnino Iheſu Chriſtil ſe nõ ſibi viuere! ſed Iheſu

127 2255 1593 73 Chriſto verę viuẽtiũ vitę nõ ſibi operari nõ ſibi fideles filios generaret ſed Chriſto do¬

130 2295 1588 78 mino. & docet nos: in omnibus Chriſtũ dominũ eſſe reſpiciendũ| & propter ipſum om¬

130 2348 1590 69 ne opus agendũ. vt ipſe in omnibus ſemper dominũ reſpicit: & omnia propter ipſum

127 2391 1587 69 ſemper agit. Et hæc Chriſti ſeruitus omnẽ ſuperat libertatem: longe libertate regum

130 2427 1596 84 eminentior. Et eſt per eminentiã boni dicta ſeruitus ( non per defectum: tanto libertate

132 2480 1592 73 philoſophica ſuperior! q̃to terrenus dominus terrenũ ſuperat ſeruum ac multo etiam

132 2525 1592 69 magis. Et malem eſſel & vere dici poſſe Chriſti ſeruus: q̃ reuera eſſel dici ſummus re¬

136 2559 1590 82 gnator Aſiæl Africæl Europæ. Hæc ſeruitus: ſpiritualis eſt. at quam nouerunt philoſo

136 2606 1586 79 phi: carnalis. hæc: illuminata. illa: cæca. hæc: cœleſtis. illa: terrena. iccirco nõ ab re di¬

132 2651 1592 83 ctum eſt propemodum & in proportione! hic ſeruitutis nomen ſignificationem imitari

134 2705 1554 72 philoſophorum: quantum ſcilicet ſpiritus ad carnem proportionem ferre poteſt.

130 2744 1594 75 At vero ꝗ ſe (derelicta carne) ad ſpiritum tranfferre neſciet: ineptus erit ſacramento¬

130 2789 1594 77 rum Pauli auditor. hæc enim eſt excellens nuncupatio: vbi libertas cũ eminenti ſerui¬

127 2831 1607 110 tute coincidit & Chriſtiformi apoſtolo conueniens. At id aduertendum: cum ſe dicit

830 158 33 97 1

1618 179 45 73 67

1825 124 94 134 Ro.

1776 1485 31 80 1

1776 1890 40 67 2

1520 2886 119 128 iij.

1767 2795 49 99 3
