2218 3647
72 251 1608 95 * grattas ago deo meo per IHESVM CHRISTVM pro omnibus vobis: quia fides ve¬

72 334 1608 59 * ſtra annũciatur in vniuerſo mũdo. teſtis eni eſt michi deus quem colo i ſpiritu meo in

70 376 1608 57 * euãgelio filij eius/ꝙ ſine intermiſſione memoriã veſtri facio ſẽper in orationibus meis:

75 421 1605 63 * rogans ſi quo pacto tãdem aliquando proſperer in voluntate dei: vt veniam ad vos.

70 466 1610 60 * deſydero enim videre vos: vt aliquod ſpirituale donũ vobis impartiar ad cõfirmãdos

72 508 1606 59 * vos hoc eſt vt cõſoler vobiſcum per mutuã fidẽ veſtrã at meã. ¶ Sed agel cũ Pau¬

99 551 1577 60 lus dicit teſtis eni eſt michi deus: iurantis ne affectus eſt? Non arbitror: ſed aſſerentis.

99 597 1579 55 Quid eſt enim teſtis michi eſt deus: niſi teſtimoniũ michi præbet deus? Nunquid pu¬

99 638 1579 61 tas dominũ iuraſſe cum dixit iudæis: teſtimonium perhibet de me qui miſit me pater?

99 684 1579 59 Nequaq. ſed ſancte affirmauit. ita & Paulus ſancte affirmat cum dicit: teſtis eni eſt mi¬

99 733 1585 53 chi deus. Et quid ſãcte affirmat? Qy iintermiſſe orat pro Romanis & precatur: vt eos vi¬

75 776 1607 58 3 dere poſſit & ꝙ eos quidẽ videre poſſit ad ĩpartiẽdũ aliquod ſpirituale donũ. Sed ſubdit

77 820 1605 55 * quid cauſe eſt: cur adhuc eos nõ viderit dicẽs. (J Non velim autẽ vos latere fratres! ꝙ

75 857 1607 62 * frequenter propoſui proficiſci ad vos: & hucuſ; prohibitus ſum. proficiſci inquam ad

72 903 1612 65 * vos: vt aliquem etiam fructũ habeam in vobis quẽadmodum & in cæteris gentibus/ &

77 954 1605 52 * græcis. & barbaris. tam ſapientibus q̃ inſipientibus debitor ſum: adeo vt & in me prõ¬

79 990 1603 65 * ptitudo ſit vobis qui Romæ eſtis euãgelizare. ¶ In quibus prohibitus fuerit id eſt im¬

105 1043 1575 61 pedimento detentus: circa finem huius epiſtolæ amplius declarat: in prędicando vide¬

109 1090 1573 54 licet euãgelio ijs! qui de Chriſto ſaluatore mundil nondũ audierãt! per circuitũ ab Hie

105 1122 1573 63 ruſalem ad Ilyricum vſ. Propterea inquit impeditus fui multis: venire ad vos. Et ꝙ

107 1169 1573 62 vult in Romanis aliquem habere fructũ vt in cæteris gentibus cum græcis tũ barba¬

107 1219 1571 55 ris: hoc non ſibi vult ſed Chriſto domino cuius eſt ſeruus. ſeruus enim nõ ſibil ſed dño

64 1254 1616 67 4 ſuo fructificat. quod & in toto mundo faciebat Paulus. At quo modo fructificabat Chri

83 1306 1595 57 * ſto: Euã gelizãdo. Ideo oſtendit: quid euangeliũ ſit dicens. ¶ Non eni erubeſco euãge¬

83 1345 1595 61 * liũ CHRISTI. Poteſtas eni dei eſt: ad ſalutem omni credẽtil Iudæo primũ at genti¬

87 1395 1595 55 * li. Iuſtitia enim dei in eo reuelatur ex fide in fidẽ: ſicut ſcriptũ eſt. Iuſtus autem ex fide

85 1432 1597 63 * viuet. (I Euangelium primo euãgelizatum eſt Iudæis: vt ex euangelij fide ſalutẽ id eſt

109 1477 1571 66 vitam æternã conſequerẽtur. ſecundo autem loco prædicatũ eſt gentibus. quẽadmodũ

109 1527 1571 59 & alio loco de Iudæis dicitur. vobis oportebat primũ loqui verbum dei: ſed quoniã re¬

109 1564 1573 71 pellitis illud/ & indignos vos iudicatis æternæ vitæ/ ecce cõuertimur ad gentes. hac de

109 1616 1573 57 re non abſone dictum eſt euangelium diuinam eſſe poteſlatem ad ſalutẽ omni creden¬

107 1661 1575 59 til ludæo primum at gentili. Et ad quid iuſtitia dei in euangelio reuelatur ex fide in

109 1705 1571 57 fidem? Ad ſalutem/ id eſt vitam æternã omni credenti. Ideo bene ſubiungitur cõfirma¬

109 1746 1573 61 tio huius: iuſtus autem ex fide viuet. Qui enim adhuc fide ambulat nondum vitam il¬

107 1787 1575 64 lam appræhendit/ nondum vitam æterñam viuit: ſed viuet. ſicut dominus ait. Nemo

111 1839 1571 57 eſt relinquens domũ aut parentes aut fratres/aut vxorem/ aut filium propter regnum

111 1882 1573 59 dei: qui non recipiat multo plura in hoc tempore / & in ſæculo futuro vitam æter¬

111 1926 1571 59 nam. conſumata igitur ex fide vita: in futuro ſęculo expectatur. At quæret quiſpiã: quo

111 1961 1573 71 modo iuſtitia dei in euangelio reuelatur ex fide in fidem? Iuſtitia dei: Chriſtus domi¬

111 2015 1571 59 nus eſt. qui ex fide i fidem: in euãgelio reuelatur. Nam patrem omnia poſſe: illic legis.

111 2056 1575 63 Abba pater (inquit) omnia tibi poiſibilia ſunt. Creatorem cœli & terræ. Nam quid hoc

113 2101 1573 60 aliud: confitebor tibi pater domine cœli & terræ? Iheſum Chriſtum filium dei cõceptũ

113 2139 1569 69 de ſpiritu ſancto/natum ex Maria virgine: leges apud Lucam. Sed & filium dei vnicũ/

113 2192 1571 61 id eſt vnigenitum: apud Ioannem. & vidimus inquit gloriam eius tanq̃ vnigeniti a pa

113 2236 1577 61 tre/ plenum gratiæ & veritatis. Paſſum ſub pontio Pilato/crucifixum/ mortuũ & ſepul¬

113 2275 1579 69 tum: apud quatuor euangeliſtas. Deſcendiſſe ad inferos: apud Matthæum in parabola

117 2321 1575 63 ceti lonæ. ſicut enim (inquit) fuit Ionas in ventre ceti tribus diebus & tribus noctibꝯ:

113 2360 1581 67 ſic erit filius hominis in corde terræ/tribus diebus & tribus noctibus. Quid enim per

113 2409 1579 64 cetum qui & leuiathan dicitur: niſi infernus intelligitur? Quod & Paulus per ſpiritum

115 2457 1575 57 intelligens: ait. ꝙ autem aſcendit: quid eſt niſi quia & deſcendit/ primum in inferiores

119 2494 1573 75 partes terræ. Tertia die ſurrexiſſe a mortuis: apud Matthæum/ Marcũ/ & Lucam. Ad

123 2544 1571 61 cœlos aſcendiſſe & ſedere ad dexteram patris: apud Marcum. aſſumptus eſt inquit in

123 2591 1569 61 cœlum: & ſedet a dextris dei. Venturum iudicare viuos & mortuos: apud Matthæum.

123 2631 1573 63 Cum autẽ venerit (inquit) filius hominis in maieſtate ſua /& omnes angeli cum eo:tũc

119 2678 1577 63 ſedebit ſuper ſedẽ maieſtatis ſuæ/ & cõgregabũtur ante eũ omnes gẽtes. & ſubdit. tunc

121 2717 1575 64 dicet rex ijs qui a dextris eius erũt: venite benedicti patris mei/poſſidete regnũ paratũ

121 2759 1577 69 vobis a cõſtitutione mũdi. & deinde. & ijs ꝗ a finiſtris erũt: diſcedite a me maledicti in

121 2804 1575 69 ignẽ æternũ qui paratus eſt diabolo & angelis eius. Spiritũ ſanctũ/ ſanctã eccleſiã vno

121 2846 1584 101 baptiſmate ablutã/ ex hoc apud Mattheu: eũtes ergo docete oës gẽtes baptizãtes eos/ i

797 182 60 112 1

1575 218 71 69 68

1784 147 99 124 Ro.

1484 2895 127 113 i.iij.
