2217 3614
322.0 60.0 63.0 162.0 1

1212.0 146.0 205.0 90.0 COM.

528.0 200.0 1602.0 113.0 vocatum apoſtolum aut deinceps vocatos ſanctos/ aut aliquid ſimile: vocatum nomi¬

532.0 281.0 1598.0 72.0 naliter ſumi: hoc nomine κλητοσ vtens perinde valẽte ac vocatum/ inuitatum/ accer

534.0 327.0 1596.0 72.0 ſitum. Accerſitus profecto in apoſtolatum fuit: quando dominus ei dixit. ſurge/ & ingre

538.0 367.0 1590.0 70.0 dere ciuitatem: & tibi dicetur quid te oporteat facere. Et cum dictum eſt Ananię: quæ¬

536.0 411.0 1594.0 70.0 re in domo Iudæ Saulum/ nomine tarſenſem. ecce enim orat. vade: quoniam vas ele¬

538.0 457.0 1590.0 71.0 ctionis eſt michi iſte/ vt portet nomen meum coram gẽtibus/ & regibus/ & filijs Iſrael,

538.0 520.0 1594.0 52.0 ego enim oſtendam illi: quanta oporteat eum pro nomine meo pati. vocatus igitur tuc

540.0 552.0 1592.0 72.0 eſt apoſtolus: ad portandum ſaluificum/ & animarum liquefactiuum ſuperdulce no¬

536.0 588.0 1592.0 74.0 men Iheſulcoram gentibus & regibus. Segregatus autem fuit in opus euangelij. Nam

538.0 640.0 1594.0 64.0 duodecim fuerant Apoſtoli collecti/ & congregati in vna ſocietate: dimiſſi in Iudæa

538.0 684.0 1592.0 64.0 ad ſaluandos filios Iſrael per gratiam dei/ omnes ſaluare volentis. Paulus vero ſeor¬

540.0 724.0 1590.0 71.0 ſum & ſeparatim electus eſt: ad ſalutem gẽtium. tantum dei circa omnes pietatis opus

540.0 768.0 1590.0 77.0 & miſerationis ſolicitudo: qui errantes a ſe/ ac etiam fugientes/ vltro requirit/ & ſacris

540.0 811.0 1590.0 70.0 ſuis humeris impoſitos in æternitatis caulas reducit. At deum promiſiſſe euangelium

542.0 863.0 1586.0 70.0 per prophetas in ſcripturis de filio ſuo/ qui eſt Chriſtus Iheſus ſuperbenedictus: notum

544.0 909.0 1584.0 60.0 eſt ijs qui legũt pſalmos/ Eſaiam Hieremiam/ & alios prophetas. In pſalmis legimus.

542.0 945.0 1588.0 68.0 Ecce dominus dabit verbum euangelizantibus virtute multa. In Eſaia. De Sion exi¬

542.0 989.0 1588.0 69.0 bit lex/ & verbum domini de Hieruſalem: & iudicabit gentes/ & arguet populos mul¬

542.0 1040.0 1590.0 64.0 tos. Et rurſus. Propter hoc ſciet populus meus nomen meum in die illa: quia egoipſe

544.0 1088.0 1586.0 60.0 qui loquebar ecce aſſum. pulchri ſuper montes pedes annũciantis & prædicantis pa¬

544.0 1132.0 1586.0 58.0 cem/ annunciantis bonum/ prædicantis ſalutem? Et Naum propheta. Ecce ſuper mon¬

544.0 1176.0 1584.0 60.0 tes: pedes euangelizantis & annũciantis pacem. Et Hieremias. Ecce dies veniunt di¬

548.0 1216.0 1578.0 62.0 cit dominus: & feriam domui Iſrael & domui Iuda fœdus nouum. & ſubdit dabo legẽ

546.0 1258.0 1584.0 63.0 meam in viſceribus eorum: & in corde eorum ſcribam eam. & ero eis in deum: & ipſi

548.0 1313.0 1580.0 54.0 erunt michi in populum. Cæterum Chriſtũ de Dauid ſecundum carnem fuiſſe: id ora¬

550.0 1355.0 1578.0 54.0 culum teſtatur. De fructu ventris tui: ponam ſuper ſedem tuam. Et Matthæus in prin¬

546.0 1397.0 1580.0 58.0 cipio euangelij ſui: cum dicit. Liber generationis Iheſu Chriſti filij Dauid. Sed & de¬

548.0 1439.0 1578.0 62.0 finitum & declaratũ filiũ dei in poteſtate: quis inficias ibit? Quis enim virtutes/ & ſi¬

550.0 1481.0 1572.0 71.0 gna/ & poteſtates fecit: quæ ipſe? per quæ etiam & dæmones: filium dei confitebantur.

548.0 1535.0 1578.0 61.0 procidebant enim (inquit Marcus) ei: & clamabant dicentes tu es filius dei. declara¬

548.0 1580.0 1576.0 52.0 tus eſt per ſpiritum ſanctum: cum viſibiliter ſuper eum deſcendit/ & vox patris into¬

546.0 1622.0 1578.0 56.0 nuit/ hic eſt filius dilectus/in quo michi complacui. declaratus eſt & filius dei ex reſur¬

548.0 1670.0 1576.0 52.0 rectione a mortuis, quis enim ſeipſum propria virtute ſuſcitauit a mortuis: niſi filius

550.0 1712.0 1572.0 56.0 dei/ qui dixit/ tollite templum hoc & in triduo excitabo illud? Et iterum. Ego pono

548.0 1754.0 1576.0 55.0 animam meam: vt iterum ſumam eam. Nemo tollet eam a me: ſed ego pono eam a

550.0 1798.0 1572.0 65.0 meipſo. poteſtatem habeo ponẽdi eã: & poteſtatẽ habeo iterũ ſumendi eã· Ecce igitur

552.0 1845.0 1572.0 56.0 quo modo ex poteſtate/ quo modo per ſpiritum ſanctitatis/ i id eſt ſpiritum ſanctum/ &

552.0 1889.0 1572.0 56.0 quo modo ex reſurrectione a mortuis: definitus/ declaratuſ eſt filius dei. Et hanc hu¬

550.0 1933.0 1574.0 56.0 ius loci eſſe intelligentiam: ſacer ſenſit Athanaſius. Et per Chriſtum: Paulum accepiſſe

552.0 1973.0 1574.0 66.0 gratiam & apoſtolatũ/ iam perſpicuũ euaſit. Sed de modo ſalutationis Pauli nõ nichil

550.0 2021.0 1574.0 57.0 attingere forſitan non fuerit abſurdum. Solent eni philoſophi/ etiam qui ſunt peritio¬

548.0 2057.0 1578.0 67.0 res:præponere pro ſalute bene agere. Paulus autẽ hic præfigit pro ſalute: gratia & pax

550.0 2110.0 1576.0 58.0 a deo patre noſtro & domino Iheſu Chriſto. Philoſophi homines reſpiciunt/ & homi¬

546.0 2156.0 1578.0 56.0 num opera. Paulus: deum/ & in nobis dei opus. philoſophi: præparationem. Paulus:

546.0 2194.0 1580.0 66.0 conſumationẽ. bene agere enĩ: non eſt niſi ſe ad gratiã dei præparare. Philoſophi reſpi

544.0 2236.0 1582.0 66.0 ciunt tenebroſum. Paulus luminoſũ. magnũ profecto eſt quo ad nos: bene agere. At ſi

544.0 2278.0 1584.0 71.0 ad gratiã & pacẽ dei conferas: exiguũ/etiam multo magis  oculi diſpoſitio minus eſt

548.0 2325.0 1578.0 66.0  lux quæ a ſole diffunditur in oculũ. paruus igitur eſt modus ſalutandi philoſophorũ.

544.0 2379.0 1580.0 56.0 Pauli autẽ magnus ac inſignis. Et ſiue grãmatici/ ſiue rhetores/ ſiue philoſophi ſalutã¬

542.0 2413.0 1584.0 68.0 tes dicãt ſaluus ſis/ ſalutem/ bene agere/ aut quippiam ſimile: modus ſalutãdi terrenus

544.0 2459.0 1586.0 70.0 eſt. Pauli aũt diuinus. Hęc igitur ſalutatio: omni alia ſalute & maior & eminẽtior. Poſt

546.0 2509.0 1582.0 62.0 quam quidẽ ſalutationẽ: aggreditur ſanctã narrationẽ. ꝙ gratias agat deo/ ſuper bono

546.0 2557.0 1580.0 57.0 teſtimonio fidei Romanorũ/ ꝙ in orationibus ſuis ad deũ pro eis iugiter oret/ & prece¬

550.0 2598.0 1578.0 60.0 tur: vt ſibi aliquando proſpere cædat veniendi ad eos nõ cupiditate locorũ videndorũ/

548.0 2642.0 1580.0 68.0 non curioſitate antiquitatũ Romanarũ (quid eni hæc vana cuperet qui raptus fuerat

550.0 2688.0 1582.0 60.0 ad tertiũ cœlũ/ & viderat ſpectacula mũdo maiora) ſed vt gratiã ſpiritualẽ eorũ ĩſereret

552.0 2724.0 1580.0 70.0 pectoribus/ & vna cũ eis ſancta pace dei/ quam in ſalute eis optarat/ cõſolaretur in fi¬

554.0 2774.0 1580.0 64.0 de Iheſu Chriſti. non enim hæc ſpiritualis gratia & pax: ſine fide Iheſu Chriſti haberi

524.0 2806.0 1611.0 133.0 ˒ poteſt. At nũc audiamus Paulum hoc pacto narrationẽ ſuã incipientẽ. ¶ Primũ quidẽ

439.0 590.0 45.0 105.0 4

457.0 816.0 37.0 96.0 5

460.0 1276.0 37.0 85.0 6

433.0 1370.0 64.0 168.0 7

481.0 1933.0 19.0 54.0 8

469.0 1993.0 28.0 63.0 9

2135.0 2806.0 21.0 130.0 2
