2127 3612
377.0 116.0 44.0 88.0 4

1243 134 203 102 COM.

544.0 202.0 1552.0 117.0 .¶Quid enim dicit ſcriptura ? Credidit Abraham deo: & reputatum eſt illi ad iuſliz,

550.0 276.0 1548.0 89.0 » ¶ Fidem igitur & credulitatem Abrahæ: ſubſecuta eſt dei iuſtificatio. Sed ꝙ ne ope¬

548.0 321.0 1548.0 82.0 * ribus debeatur iuſtificatio: ſequentibus declarat dicens. ¶ Ei autem qui operatur:mer¬

548.0 365.0 1548.0 82.0 ces non imputatur ſecundũ gratiam! ſed ſecundũ debitũ. ei vero qui nõ operaturi cre¬

546.0 409.0 1548.0 86.0 denti autẽ in eũ qui iuſtificat impiũ: reputatur fides eius ad iuſtitiam. quẽadmodum &

544.0 453.0 1550.0 84.0 » Dauid dicit! Beatitudinẽ hominis cui deus reputat iuſtitiam ſine operibus. Beati quo¬

542.0 493.0 1552.0 86.0 „ rum remiſſæ ſunt iniquitates: & quorũ tecta ſunt peccata. Beatus vir cut non imputa¬

544.0 543.0 1548.0 89.0 „ uit dominus peccatum. ¶ Si hoc modo quis ex operibus iuſtificaretur: iuſtificatio de¬

566 581 1528 91 bitum eſſet & non eſſet dei donũ & gratia. Nam aliud eſt debitũ: aliud eſt gratia. Nam

566.0 632.0 1528.0 80.0 gratia: ſine quocun debitoſ elargitum donũ eſt. At qui dicit iuſtificationẽ debitũ eſſe:

566.0 674.0 1528.0 82.0 omnem a deo aufert gratiamlfacit homines erga deum ingratos! & iccirco ĩdignos

566.0 722.0 1526.0 80.0 iuſtificatione. Si enim fodis in ortol & operis diurni mercedem nũmum recipis: quam

566.0 768.0 1524.0 84.0 gratiam debes ſoluenti? ſoluit eni quod debuit. nullam gratiã tibi fecit, meritus eras,

566.0 812.0 1520.0 82.0 qd meritus eras: tibi tribuit. Nõ igitur dicamus nos hoc modo ex operibus iuſtificati.

562.0 856.0 1528.0 81.0 qui hoc dicunt: ſeipſos reſpiciunti ſibi meritũ tribuũt. debitum putãt: quod gratia eſt¬

562.0 900.0 1530.0 79.0 ingrati ſunt inflati: & ex operibus gloriãtes. Sed dicamus! ex fide quẽcũ iuſtificari:

562.0 947.0 1530.0 74.0 vt iuſtificationem videamus dei donũ & gratiami non debitũ. Cum eni impius a deo

562.0 989.0 1530.0 84.0 iuſtificatur: quis non videt iuſtificationẽ dei donũ eſſe & gratiam? quæ nam opera fa¬

562.0 1033.0 1526.0 78.0 cit impius: quibus iuſtificatio debeatur? Sed nõne qui dicebat! dixi confitebor aduer¬

560.0 1075.0 1530.0 86.0 ſum me iniuſtitiã meam! & tu remiſiſti impietatem peccati mei: credebat deum eſſe qui

558.0 1113.0 1528.0 91.0 iuſtificare poterat impiũ! & iuſtificationem gratiã eſſe non operibus mercedem! Sane,

558.0 1165.0 1530.0 81.0 Ex eodem 31 pſalmo ad idem propoſitũ citat Paulus aliud teſtimoniũ. Et re vera ſiue

556.0 1208.0 1530.0 82.0 quis opereturi iiue non operetur! propter offenſam in deum admiſſam ſuſpirans: ex cõ¬

554.0 1248.0 1534.0 84.0 uerſione ad deũ per fidem dei ſola gratia eſt iuſtificatio. Qui hæc dicũt: non ſeiſed deũ

550.0 1294.0 1538.0 82.0 reſpiciunt. non ſibi meritum tribuũt! non iuſtificationem debitam mercedẽ: ſed vt ve¬

550.0 1342.0 1536.0 80.0 re gratia eſtidicunt. non ſunt ingrati: ſed perpetuo flãmante affectu iuſtificanti deo gra

550.0 1388.0 1536.0 86.0 tias agentes pro tam ineffabili & quod a nullo mereri poteſt dono. non gloriantur nõ

548.0 1432.0 1536.0 77.0 tument: ſed ſe ante deũ tota mẽtis & deuotionis proſtratione humiliãt|cui ſe in infini

548.0 1474.0 1538.0 81.0 tum gratiarũ actionũ debitores ſciũt. Ad hãc pietatẽ agnoſcẽdãjad hãc humilitatẽ ha

544.0 1517.0 1542.0 86.0 bendã ad nos non reſpiciendos ſed dei beneficentiã: diuinus eleuat apoſtolus cũ dicit

544.0 1563.0 1542.0 90.0 nos nõ ex operibns iuſtificari ſed ſecũdũ propoſitũ gratiæ dei. vult eni nobis iuſtifica¬

546.0 1611.0 1538.0 78.0 tiõis gram a deo ĩpartiri: modo ad ipſum nos cõuertamus in nobiſipſis nõ cõfidamus!

544.0 1653.0 1542.0 82.0 ſed in ſola eius bonitate! & in dono gratiæ propoſiti & bonæ voluntatis eius. Dicit eni

548.0 1693.0 1536.0 86.0 per Eſaiani. Quærite dominũ dum inueniri poteſt. Inuocate eum: dum prope eſt. De¬

548.0 1741.0 1536.0 87.0 relinquat impius viam fuã: & vir iniquus cogitationes ſuas! & reuertatur ad dominũ:

548.0 1779.0 1534.0 89.0 & miſerebitur eius. & ad deum noſtrum: quia multus eſt ad ignoſcendum. Or ſi deus

548.0 1830.0 1536.0 86.0 dederit aliquibus bona operari: non ſe reſpicianti ſed deumi non ſe putent ex illis ius

546.0 1866.0 1536.0 98.0 ſtificatos. ſed cũ cuncta fecerint: dicanti vt vere eſt. Serui inutiles ſumus, quod debui¬

544.0 1916.0 1536.0 86.0 mus facere: fecimus. Quid eſt ĩutiles ſumus: niſi imeriti? Bonitas domini eſt gratia do¬

542.0 1958.0 1538.0 90.0 mini eſt miſericordia eius eſt quod nobis facit: non eſt noſtrum meritumi non domini

542.0 2002.0 1538.0 92.0 debitumſſed ſuperexuberantis bonitatis eius donum! & ſolũ donũ. & benedicta ſit ſem

540.0 2044.0 1542.0 93.0 per illa omni cogitatu inaccelſa ſupereminens bonitas: quæ tanta eſti vt nichil debere

540.0 2094.0 1540.0 89.0 poſſit! ſed ſolũ dare. quid eni omnibonificũ & omnibeneficũ debere poteſt! & cui om¬

538.0 2137.0 1542.0 88.0 nia debẽt? quidquid enĩ vſq habetur: ab eo habetur. nichil: a quoq̃ habet, nihil: omniũ

536.0 2175.0 1542.0 96.0 eſt. & omnia: ſua ſũt. Et ſi operibus legis deberetur iuſtificatio: pauciſſimorũ eſſe poſſet.

536.0 2215.0 1542.0 104.0 ſed qui iuſtificationẽ gratiã dei eſſe intelligit qui nõ ex meritis iuſtificat, ſed qui cordiũ

536.0 2271.0 1542.0 88.0 ad ſe cõuerſorum peccata dimittit (ille eni ſolus intuetur cor omniũ) videt iuſtificatio¬

536.0 2313.0 1542.0 92.0 nẽ ad q̃plurimos ſe extẽdere poſſe. Et qui ex operibo iudicat: paucos ſaluatſ multos dã¬

534.0 2355.0 1544.0 95.0 nat! & temerarius efficitur iudex. ad ipſum eni nõ ſpectat iudiciũ: ſed ad deũ. ille enim

536.0 2401.0 1542.0 95.0 ſolus eſt qui iuſtificat: & qui poteſtatẽ habet mittere in gehennã. Qui autẽ attendit gra

534.0 2438.0 1546.0 104.0 tiã dei: ſilet ne iudiciũ facit. ſtultũ enim eſſet gratiã dei infinitã: humani iudicijl vel

534.0 2492.0 1544.0 98.0 potius temeritatis concludere velle anguſtijs. ergo iuſtificatio quæ tam operantibus q̃

536.0 2534.0 1544.0 96.0 non operãtibus imo etiam cõtraria operibus legis perpetrãtibus cõmunis eſt: latiſſima

536.0 2572.0 1540.0 100.0 & ad q̃plurimos eſſe poteſti & tam ad circũciſos q̃ incircũciſos! tam ad bonos q̃ ad ma

532.0 2618.0 1556.0 107.0 los a malitia per cordis ſuſpiria reſipiſcẽtes. Proĩde quærit Paulus. ¶ Beatitudo igitur;

520.0 2660.0 1556.0 105.0 hæc: in circũciſione| an ne etiã in præputio eſt? Dicimus eni quia reputata eſt Abrahæ

512.0 2698.0 1564.0 111.0 » fides ad iuſtitiã. Quo modo ergo reputata eſt: cũ i circũciſione eſſet an præputio? Non

506.0 2755.0 1570.0 96.0 » in circũciſione: ſed in præputio. (J Errabãt iudæi vehementer: ſine circũciſione & ope¬

522.0 2797.0 1550.0 134.0 Ilbus legis non credẽtes quẽqi iuſtificari poſſe. quos Paulus cõfutat: & illuminat. Nam
