2286 3642
56.0 254.0 1656.0 85.0 quas ſibi fieri nolint ad alios vitent! & cætera quæ lex diuina (excepto cerimoniarum

68.0 315.0 1642.0 77.0 ricu) mandat faciant. ꝙ ſi euentu aliquo naturæ ſancita trãſgrediuntur pœniteant ſuſ¬

74 366 1632 60 pirent ad eum quem parentem orbis & tanti ornatus & prouidentiæ credunt autho¬

72.0 410.0 1638.0 65.0 remi naturali inſtinctu veniam precẽtur: tales inquam credere ſaluãdos fore ne di¬

76.0 451.0 1628.0 64.0 uina pietate (cuius miſericordia plena eſt terra) indignum ne apoſtolicæ ſententiæ

83.0 499.0 1623.0 69.0 aduerſum. Verum cæteris exiſtentibus paribus: gloriam ſaluandorum qui legem acce¬

80.0 540.0 1626.0 71.0 perut & circa quos diuini ritus rite peracti ſunt! lõge fore eminentiorem. quemadmo¬

83.0 586.0 1621.0 69.0 dum gloria ſolis cæteris eminẽtior eſt aſtris. Cui ſi dixeris. Sine fide impoſſibile eſt pla

83.0 621.0 1621.0 75.0 cere deo. Reſpondebit: eos fidem habuiſſe. vt qui ex operibus agnitum: deum glorifica¬

83.0 675.0 1615.0 63.0 uerunt. Si rurſus adieceris: ſcriptũ eſſe. Qui crediderit & baptizatus fuerit: ſaluus erit.

87.0 718.0 1613.0 69.0 qui vero nõ crediderit: cõdemnabitur. Fatebitur. ſed etiam ſcriptum eſſe. Euntes in mũ

87.0 764.0 1615.0 61.0 dum vniuerſum: prędicate euangelium omni creaturæ. & cõtinuo ſubiũctum eſſe quod

87.0 805.0 1613.0 69.0 adductũ eſt. ergo primo eundũ eſt primo prædicãdum eſt euangelium: & tũc vbi audi¬

89.0 853.0 1611.0 59.0 tum eſt vbi prædicatum proculdubio qui nõ crediderit cõdemnabitur. atqui in princi¬

93.0 898.0 1605.0 69.0 pio huius quæſtionis ſuppoſitum erat: nondum ad eos quẽq̃ iuiſſel nondum quẽq̃ prg̨¬

93.0 942.0 1605.0 61.0 dicaſſe. Verũ & forſitan addet. Si etiã in orbe ignotoliam a multis ſeculis iudaica ſab¬

93.0 983.0 1603.0 73.0 bata & antiquas iuſtificationes quipiam obſeruarent ne angeloi ne propheta ne

93.0 1031.0 1605.0 65.0 apoſtolo aliquo deus eis Meſian iam veniſſe ſignificaſſeti ac veteris legis figuras ex ve

93.0 1074.0 1603.0 67.0 ritatis præſentia vt & tenebras ex præſentia lucis finem accepiſſe: ipſos adhuc iudaizã¬

93.0 1120.0 1601.0 67.0 dol pietatis ſuæ fructu non priuãdos. Qz ſi adijcias. Ergo Tartari forſan hoc tempore:

93.0 1157.0 1601.0 67.0 in lege naturæ ſaluantur. Protinus inficias ibit: Nam auditum euãgelium & viſa euã¬

99.0 1209.0 1597.0 65.0 gelica ſigna reſpuerunt. Nõ autem ſic eſſe oportuerit de orbe hactenus incognito: ſed

99.0 1252.0 1595.0 67.0 in dies id oraculum in omnem terram exiuit ſonus eorum! & i fines orbis terræ verba

101.0 1294.0 1591.0 67.0 eorum adimpleri ſecundum tempora viſitationis ſomniſciæ diuinæ diſpenſationis quæ

99.0 1343.0 1593.0 57.0 nouit quod tempus cui idoneũ. hinc temporibus his incognitas orbis plagas diſco¬

101.0 1388.0 1591.0 58.0 peruiſſe: vt Chriſtus dominus rex omniũ ſæculorum vbi annũcietur. Quapropter ro¬

105.0 1434.0 1583.0 57.0 gare debemus omnes: vt i has nouas meſſes mittat apoſtolos quibus & det vera apo¬

101.0 1470.0 1587.0 63.0 ſtolatus ſigna facere. & nullus ex ſeipſo hunc ſibi arroget honorẽ:iuxta Chriſti domini

103.0 1521.0 1587.0 55.0 verbum inquientis. meſſis quidem multa eſt: operarii vero pauci. rogate ergo dominũ

103.0 1564.0 1597.0 62.0 meſſis: vt mittat operarios in meſſem ſuam. Et beati quos tãto dignabitur honore. cu¬

103.0 1608.0 1587.0 59.0 ius laudes & Europa  & Aſia! & Africa & õnes incognitæ terræ regiones iugiter decã¬

105.0 1649.0 1583.0 66.0 tent: & decantãtes ſuam nobiſcum conſequãtur ſalutem. & nos & ipſi in virum mute¬

105.0 1699.0 1581.0 53.0 mur ſpiritualẽ: qui nullis inuidet fœlicitarẽ. Sed nũquid qui mala faciẽtibus nõ cõſen¬

107.0 1740.0 1583.0 60.0 tiũt ſed rephẽdũt! & nõ ſolũ repręhẽdũt ſed & illuminati docẽt bona facere mala tamẽ

112 1778 1575 76 16 faciũt: nũquid inquã excuſabũtur? quales iudæi fuerũt: legis intelligẽtiã habẽtes. Ne¬

91.0 1837.0 1597.0 56.0 quaq.ideo ſubiũgit Paulus. ¶Videltu iudęus nominaris & requieſcis in lege & glori¬

80.0 1873.0 1606.0 61.0 ,aris in deol & cognoſcis voluntatẽ & probas vtiliora inſtructus in leget cõfidis teipſũ

80.0 1920.0 1606.0 60.0 ,elle ducẽ cæcorũ lumen eorũ qui in tenebris ſunt! eruditorem inſipientiũ magiſtrum

76.0 1966.0 1608.0 59.0 ,paruulorum habentem formã agnitionis & veritatis in lege. Igitur qui doces aliũ: te

93.0 2009.0 1593.0 56.0 ipſum non doces? qui prędicas nõ furandum: furaris: qui dicis nõ mechãdum: mecha¬

80.0 2053.0 1606.0 61.0 ris? qui deteſtaris idola: ſacrilegium facis? qui in lege gloriaris: per tranſgreſſionẽ legis

85.0 2104.0 1605.0 56.0 deum inhonoras? nomen eni dei propter vos blaſphematur in gẽtibus! ſicut ſcriptũ eſt.

105.0 2140.0 1583.0 59.0 ¶Oraculum quod hic citat Paulus: in Eſaia ſcriptum eſt vbi de populo iudaico ait.

95.0 2181.0 1597.0 66.0 Dominatores eius inique agunt dicit dominus: & iugiter tota die nomen meum blaſ¬

95.0 2229.0 1597.0 61.0 phematur. Sed nũquid qui nunc euangelij intelligentiam habent & lõge melius om¬

93.0 2272.0 1593.0 58.0 nia q̃ iudæi ſibi arrogare poſſunt: alios docentes ſcelerate tamen viuẽtes i excuſabũtur?

95.0 2318.0 1591.0 63.0 At quomodo? Nomen enim dei malo eorum exemplo magis blaſphematur magis vi¬

93.0 2361.0 1597.0 62.0 Iipenditur: q̃ olim exemplo iudæorum. videant igitur ne cũm alijs lumen ſe eſſe confi¬

91.0 2407.0 1603.0 57.0 dunt: ſibiipſis tenebræ ſint. Sed baptiſma ſuſceperunt: & in hoc gloriãtur. Verum tam

95.0 2450.0 1597.0 65.0 parum proderit eis baptiſma male quidem viuentibus: q̃ parum circunciſio iudæis le¬

97.0 2500.0 1595.0 55.0 gem tranſgredientibus. hæc his ſignum erat fidei & iuſtitiæ Abrahe: illud vero illis ſi¬

93 2539 1603 63 gnum fidei & iuſtificationis Chriſti. Ideo de iudæo ſubdit Paulus. (¶ Circunciſio quidẽ

60.0 2585.0 1630.0 63.0 ,prodeſt ſi legem obſerues. ſi autem p̃uaricator legis ſis: circũciſio tua preputiũ facta eſt.

95.0 2628.0 1597.0 56.0 ¶I Præputium: eſt incircunciſio. Et per legem in hoc toto capite: præ cepta legis intelli¬

95.0 2670.0 1591.0 59.0 ge! quæ numero cenſentur denario & non rituales cerimonias legis. ſic & in euãgelio¬

91.0 2715.0 1587.0 63.0 legis nomẽ audire debemus. Nam & cum legiſperitus ĩterrogaret dominum: magiſter

93.0 2757.0 1595.0 67.0 quid faciendo vitam æternam poſſidebo? dixit ad eum dominus. In lege quid ſcriptum

95.0 2800.0 1585.0 71.0 eſt quomodo legis? Ille reſpõdens dixit. Diliges dominũ deum tuũ ex toto corde tuol

99.0 2846.0 1591.0 104.0 & & tota anima tua & ex omnibus viribus tuis & ex omni mente tua & proximũ tuũ

905 171 46 102 I

1561.0 180.0 81.0 99.0 72

1834.0 155.0 105.0 134.0 Ro.
