2192 3602
309 111 45 150 1

502 204 1607 102 nomine patris & filii & ſpiritus ſandi docentes eos feruare omnia quæcun mandaui

506 290 1597 60 vobis. & ecce ego vobiſcum ſum vſ ad conſumationem ſæculi. Sanctorũ cõmunio¬

506 330 1597 62 nem (illam enim voco ſanctam Synaxin: vt & primitiui patres vocauere! vt ſacer Dio

510 384 1587 54 nyſius in eccleſiaſtica Hierarchia vbi ait. ὀριαίεοσ ἀρητόρςυται ΚοιρωpιατE kαὶ

510 424 1591 58 σύραβις ꝙ ſingulariter vnice vocetur cõmunio & ſynaxis. Sed & Paulus i prima ad

510 470 1591 52 Corinthios epiſtola: cõmunionem vocati vt cap. 10 ſecundi horum cõmentariorũ libri

510 514 1589 58 dicetur) ſanctorum igitur cõmunionem: apud Ioannem. Niſi (inquit) manducaueritis

510 558 1589 62 carnem filij hominis & biberitis eius ſanguinẽ: nõ habebitis vitam in vobis. qui mã¬

508 602 1591 62 ducat meam carnem & bibit meum ſanguinem: habet vitam æternam. Remiſſionem

508 648 1591 52 item peccatorum: apud Ioannem. quorum inquit remiſeritis peccata: remittuntur eis.

508 690 1589 56 & quorum retinueritis: retenta erunt. Carnis reſurrectionem & vitam æternã: apud eũ¬

512 738 1585 52 dem. omnes inquit qui in monumentis ſunt: audient vocem filij dei, & procedent qui

510 782 1583 56 bona fecerunt in reſurrectionem vitæ: qui vero mala egerũt! in reſurrectionem iudicij.

510 822 1587 62 Et alibi. Hæc eſt autem voluntas patris mei qui miſit me: vt omnis qui videt filium &

512 868 1583 54 credit in eum habeat vitam æternam! & ego reſuſcitabo eum in nouiſſimo die. Vides

510 910 1587 62 igitur quomodo iuſtitia dei in euangelio reuelatur ex fide in fidem: ad ſalutem omni

510 950 1585 62 credenti? Ex quo intelligere promptum eſtſꝙ ſi ex fide ſalutem & vitã æternã cõſeque¬

508 996 1587 62 mur: ex infidelitate peribũt & morte ęterna mulctabũtur quicũ infœliciter hunc mo¬

512 1050 1583 56 mẽtaneæ probationis ſuæ curſum trãſigẽtes nõ intellexerũt! vel potius intelligere no¬

512 1090 1581 56 luerunt. quicun enim ſine fide eſt: impius eſt. Sed eſto fidem habeat ꝙ deus eſt ſcele¬

512 1132 1583 58 rate tamen viuat: quid nam de talibus ? Sane horum portio cum infideuibus. Ideo ſub¬

492 1170 1597 69 , dit Paulus. ¶Reuelatur enim ira dei de cœlo ſuper omnem impietatem & iniuſtitiam 5

490 1222 1603 62 ,eorum hominum: qui veritatẽ in iniuſtitia detinent. quia notitia dei: manifeſta eſt eis.

490 1268 1605 56 , deus enim eis manifeſtauit. Nam inuiſibilia eius: a conditione mundil operibus ipſis

490 1310 1605 58 intellecta conſpiciũturi id eſt ſempiterna eius poteſtas ac diuinitas. ¶Sed quæres que

516 1354 1581 58 nam ira illa dei de cœlo! quæ oſtenditur ſuper credentes deũ eſſel & eius ſempiternam

516 1404 1579 58 potẽtiam! & diuinitatem! male tamen viuentes? Ira illa dei de cœlo: gladius fames pe

518 1448 1577 58 ſtis & huiuſmodi vltrices plagæ:vt per Eſaiam dicitur. Inebriatus eſt in cœlo gladius

516 1492 1577 52 meus. & per Hieremiam. Ecce ego mittam in eos gladium & famemi & peſtem. Et ve¬

516 1534 1583 60 ritas deiſagnitio & notitia dei eſt: quam cognoſcentes & male operantes veritatem id

514 1578 1581 54 eſt notitiam dei in iniuſtitia detinent. Sed quis eſt qui non cognoſcit? quis valebit ex¬

516 1618 1581 62 cuſari? cum potentia opificis & diuinitas ex ipſa mundi conditionel fabrical & viſibili

518 1666 1577 58 ornatu operibus ipſis declarentur intelligãtur ſufficiẽter? quẽadmodũ & alibi ſcriptũ

518 1704 1577 62 eſt. A magnitudine eni ſpeciei & creaturæ cognoſcibiliter poterit creator eorũ videri.

495 1746 1585 76 Quapropter ſubiungit Paulus. ¶ Vt ſint inexcuſabiles. quia cum cognouerint deum: 8

496 1803 1599 54 » non tanq deum glorificauerunt aut gratias egeruntiſed euanuerunt in cogitationibus

494 1837 1603 66 ſuis & obſcuratũ eſt inſipiens cor eorũ. dicentes ſe eſſe ſapiẽtes:ſtulti facti ſunt. (ꝗ Quid

518 1883 1577 66 eſt euanuerũt in cogitationibo ſuis: niſi fruſtra & vane cogitationes & notitias de deo

518 1927 1577 64 habuerunt? quandoquidẽ finem quem debebant: aſſecuti nõ ſunt. Hoc eſt enim fruſtra¬

516 1977 1581 58 ri & euaneſcere. ad hoc eni cogitationes & notitiæ de deo nobis indultę ſunt: vt ipſum

520 2023 1575 56 glorificemus & gratias (ꝙ nos cognitione ſui dignatus ſit) agamus. Verum nõ ita fe¬

518 2065 1553 62 cerunt: ſed prorſus a fine deflexerunt. Et quid nam fecerunt: ſubdit Paulus dicens.

492 2095 1588 81 » ( Et mutauerunt gloriam incorruptibilis dei in ſimilitudinem imaginis corruptibilis 7

496 2157 1601 60 ,hominis & volucrũt & quadrupedum & ſerpentũ. ¶ Magna profecto ſtultitia: trãſferre

522 2197 1575 60 gloriam & adorationis cultũ immortali deo debitũtin hominẽ mortalẽ, imo in minus

520 2245 1575 56 q̃ in hominẽ (nam in ſimulacrũ hominis & in ſimulacra volucrumi quadrupedum &

514 2289 1581 56 ſerpentũ) & dei nomen in illa tranſferret illa deũ appellare. Quod de Aegyptiis Ori¬

516 2335 1577 56 genes i Celſum aperte denarrat. Apud inquit Aegyptios magnifica templaſlucus pro¬

512 2377 1581 56 pyleorũ moles viſuntur. delubra iſuper admirãda tabernaculis obducta ſuperbiori¬

510 2413 1583 66 bus. vbi vero ad penetralia ipſa peruẽtum eſt: Crocodylũ|canẽ Hyrcũ! Simiam & hu¬

510 2463 1579 76 iuſmodi adorari conſpiciũtur. vt & quidam ſanctorum in notã eorum qui talia factita¬

512 2505 564 62 runt: hoc pacto ſcite cecinit.

516 2547 831 66 Sunt qui quadriuijs breuioribus ire parati:

516 2591 851 62 Vilia Niliacis venerantur holuſcula in hortis.

514 2637 847 60 Porrum & cæpe deos imponere nubibus auſi:

514 2683 779 58 Allia & Serapin cœli ſuper aſtra locarc.

514 2721 819 64 Iſis enim & Serapis. & grandi Simia cauda

504 2809 874 129 Hos tu Nlle cols ſed a hos tu Tors adoras.

1191 142 202 102 COM.

514 2767 953 72 Et Crocodylus idem quod Iuno! Lauerna! Priapus.
