2221 3609
505.0 226.0 1605.0 110.0 intelligantur relatiua ipſæ & quæ referre gentes. vt & prius: vbi dixit. cum enim gen¬

407.0 296.0 1703.0 78.0 C, tes quæ legem non habent. (J. Vulgata æditio. Teſtimonium reddente illis conſcien¬

411.0 352.0 1703.0 77.0 15, tia ipſorum( & inter ſe inuicem cogitationum accuſantium aut etiam defendentium in

487.0 398.0 1625.0 61.0 die cum iudicabit deus occulta hominum. ¶ In Paulo: cõſcientia & cogitationumi eo¬

515.0 441.0 1601.0 68.0 dem caſu dicuntur. quare cum vetus interpres conſcientia verterit ſeptimo caſur id eſt

517.0 481.0 1597.0 80.0 ablatiuo abſoluto: ita quo debuit ablatiuo dicerel cogitationibus. quod & coniun¬

517.0 537.0 1599.0 62.0 ctionis copulatiuæſet: natura depoſcebat. Sed & potius per accuſatiuumi diem dicẽdũ

517.0 571.0 1599.0 78.0 exiſtimaui iuxta latinorum conſuetudinem: ad intelligendam ſucceſſionem. Sic poeta.

517.0 613.0 1601.0 76.0 Gallus cuius amor tãtum michi creſcit in horas. Paulus. συμμαρτ υρούσμς ἀυτῶμ

525.0 657.0 1591.0 78.0 rũσ συμειλήσεωσ καὶ μεταςυ ἀλλήλωμ τῶμ λοτίσμωμ Κατurορούpτωp, à

525.0 711.0 1597.0 70.0 καὶ αττολοrουμέ μoμ ἐμ ημέ ρα ο͂τε κριμεῖ ο͂ θεὸσ Ια κρυτιά. ¶Vulgata editio. Si

413.0 745.0 54.0 63.0 16

521.0 757.0 1601.0 69.0 autẽ iudæus cognomiaris. ¶ Nõ ſi i Paulo: ſed potius vide. excitat iudæos ad attẽtio¬

527 791 1593 77 nẽ. Paulus.!Aε συ louλαῖοσ εὐπςομομάqu. Verũ id eueniſſe arbitror: ꝙ vetus inter¬

409.0 830.0 48.0 78.0 D

525.0 844.0 1597.0 72.0 pres legit per diphthongum è Aè) non per iota! Ae. ¶ Vulgata æditio. Nomen enim

407.0 884.0 60.0 86.0 18

507.0 892.0 1607.0 56.0 dei per vos blaſphematur inter gentes. ¶ Legendum eſt: propter vos! non per vos.

515.0 930.0 1607.0 70.0 Paulus. τὸ τααρ ὀμομα τοῦ θεοὺ λἰυμασθολασφuμεῖται ἐμ τοισ ἐφυεσι. ¶ Vul¬

513.0 978.0 1609.0 62.0 gata æditio. Et iudicabit id quod ex natura eſt præputium legem conſumans te. ¶Hy

531.0 1024.0 1591.0 72.0 perbaton in reductione te ad iudicabit. quod vitatur: ſi tranffertur iudicabit proxime

531.0 1070.0 1589.0 62.0 ad te: qui mos latinæ locutioni magis conſentaneus. Quapropter & id quo fecimus.

531.0 1112.0 1591.0 68.0 Paulus. καὶ Κριpετ͂τ ηι ἐκ φύσεωσ ἀκρορουςία τὸμ pομομ τελουσα gε. quod per¬

531.0 1152.0 1593.0 75.0 inde eſt ac ſi dixiſſet και ιι ἐκ φύσεως ἀκροφυςια τὸμ μόμομ τελουσα, κριpεῖ

531.0 1203.0 1593.0 66.0 GE. ſed hoc ſine hyperbato: illud habens hyperbaton. Nũc ad ſequentem literam trãſ¬

1827.0 1245.0 297.0 54.0 CAP. III

531.0 1255.0 169.0 58.0 eamus.

1187 158 207 106 COM.

802.0 1291.0 1326.0 58.0 Erum dices. Si vera circunciſio ea eſt quæ cordis eſt et in ſpiritui nõ au

804.0 1337.0 1324.0 58.0 tem ea quę carnis eſt et in litera: quid amplius fadtum eſt populo iudai¬

808.0 1385.0 1320.0 52.0 co q̃ cæteris nationibus ? et quæ vtilitas circunciſionis ſecũdum carnem

808.0 1425.0 1320.0 58.0 magis q̃ incircunciſionis? Hãc quidem quęſtionem et mouet Paulus! &

808.0 1471.0 1320.0 58.0 eandem diluit dicens. ¶ Quid igitur amplius iudæo? aut quæ vtilitas cir

804.0 1513.0 1324.0 60.0 cunciſionis ? Multum omnimodo Præcipue quidem: ꝙ credita ſunt elo¬

808.0 1561.0 1322.0 57.0 quia dei. ¶Magnum certe fecit deus populo iudaico: quando tradidit

804.0 1608.0 1326.0 58.0 ei ſua eloquiaret ſui colendi ritus et cerimonias et præcepta vitæ.vt et

537.0 1648.0 1589.0 62.0 propheta teſtatur dicẽs. Nõ fecit taliter õni nationi: et iudicia ſua nõ manifeſtauit eis.

535.0 1686.0 1595.0 68.0 Magnum profecto:ꝙ dedit eis circunciſionem! ſignum fidei et credulitatis, cæteris au¬

537.0 1734.0 1595.0 64.0 tem nationibus nullum fidei ſignum adhuc dederat. Poſtmodum autem et eloquiorũ

539.0 1786.0 1591.0 62.0 lucem ſancta euangelia dedit primum iudæis: deinde gentibus. et omnibus ſignum fi¬

541.0 1826.0 1589.0 60.0 dei baptiſmum. Sic modis omnibusſ præhonorati ſunt iudæi a deo. At dices. Tradita

541.0 1874.0 1591.0 56.0 ſunt iudæis eloquiai et eloquiorum lux et fidei ſignũ: ſed non omnes crediderũt. Q uid

541.0 1918.0 1591.0 58.0 tum? non minus veral non minus bona conſilia & præcepta medici l non minus fide¬

527.0 1964.0 1605.0 61.0 ,lis medicus: tametſi nõ omnes recipiantſtametſi non omnes ſanentur. Propterea ſub¬

533.0 2009.0 1601.0 56.0 iungit Paulus. (Quid enim ſi non crediderunt aliqui? nunquid incredulitas eorum

527.0 2049.0 1607.0 64.0 ,fidem dei tollet? Abſit. eſto autem deus verax: omnis autem homo mendax ſicut ſcri¬

549.0 2099.0 1587.0 60.0 ptum eſt. Vt iuſtificeris in ſermonibus tuis: & vincas cum iudicaris. ¶Sic enim de¬

549.0 2143.0 1587.0 58.0 us fidelis! ſic verax!ſic iuſtus: vt etiam infidelitas noſtra ipſum fidelem! mẽdacium no¬

549.0 2187.0 1583.0 52.0 ſtrum veracem! iniuſtitia noſtra iuſtum eſſe oſtendant. Nonne enim infideles punit:

547.0 2233.0 1585.0 56.0 vt fidelis? mendaces: vt verax? & iniuſtos: vt iuſtus? Quapropter ſubnectit Paulus.

557.0 2275.0 1579.0 56.0 (¶Si autem iniuſtitia noſtra iuſtitiam dei commendat: quid dicemus? Nunquid iniu¬

543.0 2317.0 1593.0 56.0 ſtus eſt deus qui infert iram? Secundum hominem dico. Abſit. alioqui quomodo iudi¬

547.0 2363.0 1589.0 63.0 cabit deus mundum? (CIram: vindictam & vltionem ſignificare iam dictum eſt. Et id

549.0 2410.0 1589.0 54.0 quod dicitur ſecundum hominem dico: intellige ac ſi diceremus ſecundum humanum

547.0 2456.0 1589.0 62.0 etiam iudicium loquendo abſurdum eſt dicere deum eſſe iniuſtum! qui vindictam im¬

551.0 2494.0 1589.0 60.0 mittit in iniuſtos ac flagellum. Quin potius quia punit iniuſtos: cognoſcitur iuſtus, etſi

549.0 2546.0 1589.0 52.0 iuſtus non eſſet: quo modo iudicaret mundum? quid eſt enim iudicare: niſi cui ſuum

549.0 2592.0 1585.0 50.0 tribuere! quod iuſtitiæ & iuſti officium eſt? Et mirabilis profecto eſt Paulus: qui (vt di¬

549.0 2636.0 1587.0 52.0 ctum eſt) ex infidelitate noſtrat dei fidem probat & aſtruit. ex mendacio noſtro: dei ve¬

547.0 2672.0 1587.0 58.0 ritatem! & ex miuſtitia noſtra: dei iuſtitiam. ex infidelitate noſtra: deũ fidelẽ agnoſcit,

549.0 2718.0 1591.0 62.0 ex mendacio: veracẽ. ex iniuſtitia: iuſtũ. ſiquidem hæcl infidelitatem dicol mendacium

549.0 2762.0 1593.0 59.0 & iniuſtitiam: punit deus. Atqui cum punit infidelitatem: punit vt fidelis. cum men¬

549.0 2802.0 1597.0 63.0 dacium: vt verax. cum iniuſtitiam: vt iuſtus. Nonne enim videmus ignẽ propellere &

549.0 2845.0 1595.0 102.0 exterminare frigida humidas tenebroſa: ſed frigus exterminat & propellit: vt calidus.

475.0 1421.0 60.0 72.0 20

487 1921 39 94 21
